@book{rudin1987,
  title     = {Real and Complex Analysis},
  author    = {Walter Rudin},
  year      = {1987},
  publisher = {McGraw-Hill Book Company}
}

@article{DAM:MeaOza24,
  author       = {Pierrick M{\'{e}}aux and
                  Yassine Ozaim},
  title        = {On the cryptographic properties of weightwise affine and weightwise
                  quadratic functions},
  journal      = {Discret. Appl. Math.},
  volume       = {355},
  pages        = {13--29},
  year         = {2024}
}

@InProceedings{EC:MeiPasCar04,
author="Meier, Willi
and Pasalic, Enes
and Carlet, Claude",
editor="Cachin, Christian and Camenisch, Jan L.",
title="Algebraic Attacks and Decomposition of Boolean Functions",
booktitle="Advances in Cryptology - EUROCRYPT 2004",
year="2004",
publisher="Springer Berlin Heidelberg",
address="Berlin, Heidelberg",
pages="474--491"
}

@book{MacSlo77,
  author = {MacWilliams, F.J. and Sloane, N.J.A.},
  edition = {2nd},
  publisher = {North-holland Publishing Company},
    title = {The Theory of Error-Correcting Codes},
  year = 1978
}

@article{DM:RukWil09,
title = {The coolest way to generate combinations},
author = {Frank Ruskey and Aaron Williams},
journal = {Discrete Mathematics},
volume = {309},
number = {17},
pages = {5305-5320},
year = {2009},
issn = {0012-365X},
}

@inproceedings{FUN:SteWil12,
  author    = {Brett Stevens and
               Aaron Williams},
  editor    = {Evangelos Kranakis and
               Danny Krizanc and
               Flaminia L. Luccio},
  title     = {The Coolest Order of Binary Strings},
  booktitle = {Fun with Algorithms - 6th International Conference, {FUN} 2012, Venice,
               Italy, June 4-6, 2012. Proceedings},
  series    = {Lecture Notes in Computer Science},
  volume    = {7288},
  pages     = {322--333},
  publisher = {Springer},
  year      = {2012}
}

@inproceedings{Latin:GinMea23,
  author       = {Agnese Gini and
                  Pierrick M{\'{e}}aux},
  editor       = {Abdelrahaman Aly and
                  Mehdi Tibouchi},
  title        = {On the Algebraic Immunity of Weightwise Perfectly Balanced Functions},
  booktitle    = {Progress in Cryptology - {LATINCRYPT} 2023 - 8th International Conference
                  on Cryptology and Information Security in Latin America, {LATINCRYPT}
                  2023, Quito, Ecuador, October 3-6, 2023, Proceedings},
  series       = {Lecture Notes in Computer Science},
  volume       = {14168},
  pages        = {3--23},
  publisher    = {Springer},
  year         = {2023},
  doi          = {10.1007/978-3-031-44469-2\_1},
}

@InProceedings{FSE:Dobbertin95,
author="Dobbertin, Hans",
editor="Preneel, Bart",
title="Construction of bent functions and balanced Boolean functions with high nonlinearity",
booktitle="Fast Software Encryption",
year="1995",
publisher="Springer Berlin Heidelberg",
address="Berlin, Heidelberg",
pages="61--74"
}


@article{CC:MSLZ22,
  author    = {Sihem Mesnager and
               Sihong Su and
               Jingjing Li and
               Linya Zhu},
  title     = {Concrete constructions of weightwise perfectly balanced (2-rotation
               symmetric) functions with optimal algebraic immunity and high weightwise
               nonlinearity},
  journal   = {Cryptogr. Commun.},
  volume    = {14},
  number    = {6},
  pages     = {1371--1389},
  year      = {2022}
}

@Article{DCC:DalMaiSar06,
author="Dalai, Deepak Kumar
and Maitra, Subhamoy
and Sarkar, Sumanta",
title="Basic Theory in Construction of Boolean Functions with Maximum Possible Annihilator Immunity",
journal="Designs, Codes and Cryptography",
year="2006",
}

@InProceedings{ACI:ManKuLar22,
author="Mandujano, Sara
and Ku Cauich, Juan Carlos
and Lara, Adriana",
editor="Pichardo Lagunas, Obdulia
and Mart{\'i}nez-Miranda, Juan
and Mart{\'i}nez Seis, Bella",
title="Studying Special Operators for the Application of Evolutionary Algorithms in the Seek of Optimal Boolean Functions for Cryptography",
booktitle="Advances in Computational Intelligence",
year="2022",
publisher="Springer Nature Switzerland",
address="Cham",
pages="383--396"
}



@misc{eprint:GinMea22b,
      author = {Agnese Gini and Pierrick Méaux},
      title = {Weightwise almost perfectly balanced functions: secondary constructions for all $n$ and better weightwise nonlinearities},
      howpublished = {Cryptology ePrint Archive, Paper 2022/1434},
      year = {2022},
      note = {\url{https://eprint.iacr.org/2022/1434}},
      url = {https://eprint.iacr.org/2022/1434}
}

@InProceedings{Latin:Meaux19,
author="M{\'e}aux, Pierrick",
editor="Schwabe, Peter
and Th{\'e}riault, Nicolas",
title="On the Fast Algebraic Immunity of Majority Functions",
booktitle="Progress in Cryptology -- LATINCRYPT 2019",
year="2019",
publisher="Springer International Publishing",
address="Cham",
pages="86--105"
}

@article{DM:Tokareva12,
  author    = {Natalia N. Tokareva},
  title     = {Duality between bent functions and affine functions},
  journal   = {Discret. Math.},
  volume    = {312},
  number    = {3},
  pages     = {666--670},
  year      = {2012}
}

@article{DAM:GuoSu22,
title = {Construction of weightwise almost perfectly balanced Boolean functions on an arbitrary number of variables},
journal = {Discrete Applied Mathematics},
volume = {307},
pages = {102-114},
year = {2022},
author = {Xiaoqi Guo and Sihong Su}
}

@article{JCMCC:StaTsuBut18,
title = "Distance duality on some classes of boolean functions",
author = "Pantelimon Stanica and Tsutomu Sasao and Butler, {Jon T.}",
year = "2018",
volume = "107",
pages = "181--198",
journal = "Journal of Combinatorial Mathematics and Combinatorial Computing"
}

@article{Oblaukhov20,
title = "On metric complements and metric regularity in finite metric spaces",
author = "Oblaukhov, {A. K.}",
year = "2020",
pages = "35--45",
journal = "Prikl. Diskr. Mat.",
issn = "2071-0410",
publisher = "Tomsk State University",
number = "49"
}

@article{IEEEA:CZGC19,
  author    = {Yindong Chen and          Liu Zhang and        Fei Guo and            Weihong Cai},
  title     = {Fast Algebraic Immunity of $2^{m+2}$ and $2^{m+3}$ Variables Majority Function},
  journal   = {{IEEE} Access},
  volume    = {7},
  pages     = {80733--80736},
  year      = {2019},
}

@article{MVK:IvcMedMir13,
title = "Symmetric Boolean functions and their metric properties matrices of transitions of differences when using some modular groups",
author = "I. Ivchenko and Yu. I. Medvedev and V. A. Mironova",
year = "2013",
pages = "49--63",
journal = "Mat. Vopr. Kriptogr.",
}

@misc{EPRINT:GinMea22,
    author       = {Agnese Gini and
		    Pierrick Méaux},
    title        = {On the weightwise nonlinearity of weightwise perfectly balanced functions},
    howpublished = {Cryptology ePrint Archive, Report 2022/408},
    year         = {2022},
}

@article{DAM:GinMea22,
  author    = {Agnese Gini and
               Pierrick M{\'{e}}aux},
  title     = {On the weightwise nonlinearity of weightwise perfectly balanced functions},
  journal   = {Discret. Appl. Math.},
  volume    = {322},
  pages     = {320--341},
  year      = {2022},
  doi       = {10.1016/j.dam.2022.08.017}
}

@misc{eprint:GinMea22c,
      author = {Agnese Gini and Pierrick Méaux},
      title = {Weightwise perfectly balanced functions and nonlinearity},
      howpublished = {Cryptology ePrint Archive, Paper 2022/1777},
      year = {2022},
      url = {https://eprint.iacr.org/2022/1777}
}
@inproceedings{C:SebZhaHha93,
  author    = {Jennifer Seberry and
               Xian{-}Mo Zhang and
               Yuliang Zheng},
  editor    = {Douglas R. Stinson},
  title     = {Nonlinearly Balanced Boolean Functions and Their Propagation Characteristics
               (Extended Abstract)},
  booktitle = {Advances in Cryptology - {CRYPTO} '93},
  series    = {Lecture Notes in Computer Science},
  volume    = {773},
  pages     = {49--60},
  publisher = {Springer},
  year      = {1993},
  doi       = {10.1007/3-540-48329-2\_5}
}


@article{DAM:ZhuSu22,
title = {A systematic method of constructing weightwise almost perfectly balanced Boolean functions on an arbitrary number of variables},
journal = {Discrete Applied Mathematics},
volume = {314},
pages = {181-190},
year = {2022},
issn = {0166-218X},
author = {Linya Zhu and Sihong Su}
}

@article{CC:MesZhoDin19,
  author    = {Sihem Mesnager and
               Zhengchun Zhou and
               Cunsheng Ding},
  title     = {On the nonlinearity of Boolean functions with restricted input},
  journal   = {Cryptogr. Commun.},
  volume    = {11},
  number    = {1},
  pages     = {63--76},
  year      = {2019}
}

@ARTICLE{IEEE:CarMea21,
  author={Carlet, Claude and M{\'{e}}aux, Pierrick},
  journal={IEEE Transactions on Information Theory}, 
  title={A complete study of two classes of Boolean functions: direct sums of monomials and threshold functions}, 
  year={2021},
  volume={},
  number={},
  pages={1-1},
}

@article{BFA:MesSuLi21,
  author    = {Sihem Mesnager and
               Sihong Su and
               Jingjing Li},
  title     = {On concrete constructions of weightwise perfectly balanced
functions with optimal algebraic immunity and high weightwise
nonlinearity},
  journal   = {Boolean Functions and Applications},
  year      = {2021}
}

@article{CC:MesSu21,
  author    = {Sihem Mesnager and Sihong Su},
  title     = {On constructions of weightwise perfectly balanced Boolean functions},
  journal   = {Cryptography and Communications},
  year      = {2021}
}



@article{DAM:Su21,
  author    = {Sihong Su},
  title     = {The lower bound of the weightwise nonlinearity profile of a class
               of weightwise perfectly balanced functions},
  journal   = {Discret. Appl. Math.},
  volume    = {297},
  pages     = {60--70},
  year      = {2021},
}

@article{DCC:LiuMes19,
  author    = {Jian Liu and
               Sihem Mesnager},
  title     = {Weightwise perfectly balanced functions with high weightwise nonlinearity
               profile},
  journal   = {Des. Codes Cryptogr.},
  volume    = {87},
  number    = {8},
  pages     = {1797--1813},
  year      = {2019}
}

@InProceedings{ISC:JiaZhaWan13,
  author =       "Lin Jiao and
                  Bin Zhang and
                  Mingsheng Wang",
  title =        "Establishing Equations: The Complexity of Algebraic and Fast Algebraic Attacks Revisited",
  pages =        "169--184",
  editor =       isc13ed,
  booktitle =    isc13name,
  volume =       isc13vol,
  address =      isc13addr,
  month =        isc13month,
  publisher =    iscpub,
  series =       mylncs,
  year =         2015,
  doi =          "10.1007/978-3-319-27659-5_12",
}




@article{KasamiLinPeterson,
 author = {Kasami, T. and Lin, Shu and Peterson, W.},
 title = {Polynomial Codes},
 journal = {IEEE Trans. Inf. Theor.},
 issue_date = {November 1968},
 volume = {14},
 number = {6},
 month = sep,
 year = {2006},
 issn = {0018-9448},
 pages = {807--814},
 numpages = {8},
 url = {http://dx.doi.org/10.1109/TIT.1968.1054226},
 doi = {10.1109/TIT.1968.1054226},
 acmid = {2267718},
 publisher = {IEEE Press},
 address = {Piscataway, NJ, USA},
} 

@article{SIAM:LR81,
author = {Linial, Nathan and Rothschild, Bruce},
year = {1981},
month = {09},
pages = {},
title = {Incidence Matrices of Subsets—A Rank Formula},
volume = {2},
journal = {Siam Journal on Algebraic and Discrete Methods},
doi = {10.1137/0602037}
}

@article{Rothaus76,
  title={On “bent” functions},
  author={Rothaus, Oscar S},
  journal={Journal of Combinatorial Theory, Series A},
  volume={20},
  number={3},
  pages={300--305},
  year={1976},
  publisher={Elsevier}
}

@book{Tokareva15,
  title={Bent functions: results and applications to cryptography},
  author={Tokareva, Natalia},
  year={2015},
  publisher={Academic Press}
}

@book{Mesnager16,
  title={Bent functions},
  author={Mesnager, Sihem},
  volume={1},
  year={2016},
  publisher={Springer}
}

@inproceedings{INDO:MMM22,
  author    = {Subhamoy Maitra and
               Bimal Mandal and
               Roy Manmatha},
  title     = {Modifying Bent Functions to Obtain the Balanced Ones with High Nonlinearity},
  booktitle = {Progress in Cryptology - {INDOCRYPT}},
  publisher = {Springer},
  year      = {2022},
}

@inproceedings{INDO:MCJS19,
  author    = {Pierrick M{\'{e}}aux and
               Claude Carlet and
               Anthony Journault and
               Fran{\c{c}}ois{-}Xavier Standaert},
  editor    = {Feng Hao and
               Sushmita Ruj and
               Sourav Sen Gupta},
  title     = {Improved Filter Permutators for Efficient {FHE:} Better Instances
               and Implementations},
  booktitle = {Progress in Cryptology - {INDOCRYPT}},
  series    = {LNCS},
  volume    = {11898},
  pages     = {68--91},
  publisher = {Springer},
  year      = {2019},
}


@article{DAM:Rizomiliotis10,
author = {Rizomiliotis, Panagiotis},
year = {2010},
month = {11},
pages = {2049-2055},
title = {Improving the high order nonlinearity lower bound for Boolean functions with given algebraic immunity},
volume = {158},
journal = {Discrete Applied Mathematics},
}

@misc{EPRINT:Meaux2020,
  author    = {Pierrick M{\'{e}}aux},
    title = {On the Fast Algebraic Immunity of Threshold Functions},
    howpublished = {Cryptology ePrint Archive, Report 2020/273},
    year = {2020},
    note = {\url{https://eprint.iacr.org/2020/273}},
}

@article{A2C:CarMea19,
author = {Carlet, Claude and M{\'{e}}aux, Pierrick},
year = {2019},
month = {11},
pages = {166-182},
journal= {Algebra, Codes and Cryptology},
title = {Boolean Functions for Homomorphic-Friendly Stream Ciphers}
}

@misc{eprint:MCJS19,
    author = {Pierrick M{\'{e}}aux and Claude Carlet and Anthony Journault and Fran\c{c}ois-Xavier Standaert},
    title = {Improved Filter Permutators: Combining Symmetric Encryption Design, Boolean Functions, Low Complexity Cryptography, and Homomorphic Encryption, for Private Delegation of Computations},
    howpublished = {Cryptology ePrint Archive, Report 2019/483},
    year = {2019},
}

@article{archiv:MPJDL22,
  author    = {Luca Mariot and Stjepan Picek and Domagoj Jakobovic and Marko Djurasevic and Alberto Leporati},
  title     = {Evolutionary Construction of Perfectly Balanced Boolean Functions},
  howpublished = {ArXiv, Report 2202.08221},
  year      = {2022}
}


@Misc{EPRINT:FanVer12,
  author =       "Junfeng Fan and
                  Frederik Vercauteren",
  title =        "Somewhat Practical Fully Homomorphic Encryption",
  year =         2012,
  howpublished = "Cryptology ePrint Archive, Report 2012/144",
  note =         "\url{http://eprint.iacr.org/2012/144}",
}
@InProceedings{C:HawRos04,
  author =       "Philip Hawkes and
                  Gregory G. Rose",
  title =        "Rewriting Variables: The Complexity of Fast Algebraic Attacks on Stream Ciphers",
  pages =        "390--406",
  editor =       crypto04ed,
  booktitle =    crypto04name,
  volume =       crypto04vol,
  address =      cryptoaddr,
  month =        crypto04month,
  publisher =    cryptopub,
  series =       mylncs,
  year =         2004,
}


@inproceedings{WIT:ClimGarReg13,
author = {Climent, Joan-Josep and García, F.J. and Requena, Verónica},
year = {2013},
month = {05},
pages = {25-36},
title = {The degree of a Boolean function and some algebraic properties of its support},
volume = {45},
isbn = {9781845647087},
journal = {WIT Transactions on Information and Communication Technologies},
doi = {10.2495/DATA130031}
}


@article{DCC:ColTan18,
author = {Cogliati, Benoît and Tanguy, Titouan},
year = {2018},
month = {09},
title = {Multi-user security bound for filter permutators in the random oracle model},
journal = {Designs, Codes and Cryptography}
}

@inproceedings{preprintCM,
  title={Boolean functions for homomorphic-friendly stream ciphers},
  author={Carlet, Claude and M\'eaux, Pierrick},
  booktitle={Preprint (to appear)},
  year={2019},
}



@inproceedings{cm01,
  title={On pseudorandom generators in NC 0},
  author={Cryan, Mary and Miltersen, Peter Bro},
  booktitle={International Symposium on Mathematical Foundations of Computer Science},
  year={2001},
  organization={Springer}
}

@inproceedings{TCC:IPSW18,
  author    = {Dan Boneh and
               Yuval Ishai and
               Alain Passel{\`{e}}gue and
               Amit Sahai and
               David J. Wu},
  title     = {Exploring Crypto Dark Matter: - New Simple {PRF} Candidates and Their
               Applications},
  booktitle = {Theory of Cryptography - 16th International Conference, {TCC} 2018,
               Panaji, India, November 11-14, 2018, Proceedings, Part {II}},
  pages     = {699--729},
  year      = {2018},
  crossref  = {DBLP:conf/tcc/2018-2},
  timestamp = {Fri, 09 Nov 2018 14:37:45 +0100},
  biburl    = {https://dblp.org/rec/bib/conf/tcc/BonehIPSW18},
  bibsource = {dblp computer science bibliography, https://dblp.org}
}


@inproceedings{DBLP:conf/ccs/0001RRSS16,
  author    = {Lorenzo Grassi and
               Christian Rechberger and
               Dragos Rotaru and
               Peter Scholl and
               Nigel P. Smart},
  editor    = {Edgar R. Weippl and
               Stefan Katzenbeisser and
               Christopher Kruegel and
               Andrew C. Myers and
               Shai Halevi},
  title     = {MPC-Friendly Symmetric Key Primitives},
  booktitle = {{ACM} {SIGSAC} Conference on Computer and
               Communications Security},
  year      = {2016},
}

@article{Krasikov96,
title = "On Integral Zeros of Krawtchouk Polynomials",
journal = "Journal of Combinatorial Theory, Series A",
volume = "74",
number = "1",
pages = "71 - 99",
year = "1996",
issn = "0097-3165",
url = "http://www.sciencedirect.com/science/article/pii/S0097316596900382",
author = "Ilia Krasikov and Simon Litsyn"
}

@article{Savicky94,
title = "On the Bent Boolean Functions That are Symmetric",
journal = "European Journal of Combinatorics",
volume = "15",
number = "4",
pages = "407 - 410",
year = "1994",
issn = "0195-6698",
url = "http://www.sciencedirect.com/science/article/pii/S0195669884710444",
author = "Peter Savický"
}

@article{DM:SarMai07,
title = "Balancedness and correlation immunity of symmetric Boolean functions",
journal = "Discrete Mathematics",
pages = "2351 - 2358",
year = "2007",
issn = "0012-365X",
author = "Palash Sarkar and Subhamoy Maitra",
keywords = "Symmetric Boolean function, Balancedness, Correlation immunity"
}



@article{IEEE:QFLW09,
  author    = {Longjiang Qu and
               Keqin Feng and
               Feng Liu and
               Lei Wang},
  title     = {Constructing symmetric boolean functions with maximum algebraic immunity},
  journal   = {{IEEE} Trans. Information Theory},
  pages     = {2406--2412},
  year      = {2009},
}


@Article{LiQi07,
author="Li, Na
and Qi, WenFeng",
title="Boolean functions of an odd number of variables with maximum algebraic immunity",
journal="Science in China Series F: Information Sciences",
year="2007",
pages="307--317",
issn="1862-2836",
url="https://doi.org/10.1007/s11432-007-0027-4"
}


@InProceedings{C:BieGopSti94,
  author =       "J{\"u}rgen Bierbrauer and
                  K. Gopalakrishnan and
                  Douglas R. Stinson",
  title =        "Bounds for Resilient Functions and Orthogonal Arrays",
  pages =        "247--256",
  editor =       crypto94ed,
  booktitle =    crypto94name,
  address =      cryptoaddr,
  month =        crypto94month,
  publisher =    cryptopub,
  series =       mylncs,
  year =         1994,
}


@InProceedings{C:LinTes17,
  author =       "Huijia Lin and
                  Stefano Tessaro",
  title =        "Indistinguishability Obfuscation from Trilinear Maps and Block-Wise Local {PRGs}",
  pages =        "630--660",
  editor =       crypto17ed,
  booktitle =    crypto17name1,
  address =      cryptoaddr,
  month =        crypto17month,
  publisher =    cryptopub,
  series =       mylncs,
  year =         2017,
}
















@InProceedings{EC:AnaSah17,
  author =       "Prabhanjan Ananth and
                  Amit Sahai",
  title =        "Projective Arithmetic Functional Encryption and Indistinguishability Obfuscation from Degree-5 Multilinear Maps",
  pages =        "152--181",
  editor =       eurocrypt17ed,
  booktitle =    eurocrypt17name1,
  address =      eurocrypt17addr,
  month =        eurocrypt17month,
  publisher =    eurocryptpub,
  series =       mylncs,
  year =         2017,
}


@article{IEEE:Carlet04,
  author    = {Claude Carlet},
  title     = {On the Degree, Nonlinearity, Algebraic Thickness, and Nonnormality
               of Boolean Functions, With Developments on Symmetric Functions},
  journal   = {{IEEE} Trans. Information Theory},
  pages     = {2178--2185},
  year      = {2004},
}

@article{EPRINT:Meaux21,
  author    = {Pierrick M{\'{e}}aux},
  title     = {On the algebraic immunity of direct sum constructions},
  journal   = {{IACR} Cryptol. ePrint Arch.},
  volume    = {2021},
  pages     = {665},
  year      = {2021},
 }
 
 @article{DAM:Meaux22,
  author    = {Pierrick M{\'{e}}aux},
  title     = {On the algebraic immunity of direct sum constructions},
  journal   = {Discret. Appl. Math.},
  volume    = {320},
  pages     = {223--234},
  year      = {2022},
  doi       = {10.1016/j.dam.2022.05.021},
}

@ARTICLE{IEEE:GaoGuoZha16,
author={G. {Gao} and Y. {Guo} and Y. {Zhao}},
journal={IEEE Transactions on Information Theory},
title={Recent Results on Balanced Symmetric Boolean Functions},
year={2016},
volume={62},
number={9},
pages={5199-5203},
doi={10.1109/TIT.2015.2455052},
ISSN={1557-9654},
month={Sep.},}

@ARTICLE{IEEE:CheLu11,
author={Yindong {Chen} and Peizhong {Lu}},
journal={IEEE Transactions on Information Theory},
title={Two Classes of Symmetric Boolean Functions With Optimum Algebraic Immunity: Construction and Analysis},
year={2011},
volume={57},
number={4},
pages={2522-2538},
doi={10.1109/TIT.2011.2111810},
ISSN={1557-9654},
month={April},}

@article{IEEE:CanVid05,
  author    = {Anne Canteaut and
               Marion Videau},
  title     = {Symmetric Boolean functions},
  journal   = {{IEEE} Trans. Information Theory},
  pages     = {2791--2811},
  year      = {2005},
}

@article{IEEE:Bryant91,
  author    = {Randal E. Bryant},
  title     = {On the Complexity of {VLSI} Implementations and Graph Representations
               of Boolean Functions with Application to Integer Multiplication},
  journal   = {{IEEE} Trans. Computers},
  volume    = {40},
  number    = {2},
  pages     = {205--213},
  year      = {1991}
}

@article{IEEE:MaiSar02,
author = {Maitra, Subhamoy and Sarkar, Palash},
year = {2002},
month = {10},
pages = {2626 - 2630},
title = {Maximum nonlinearity of symmetric Boolean functions on odd number of variables},
volume = {48},
journal = {Information Theory, IEEE Transactions on},
doi = {10.1109/TIT.2002.801482}
}


@inproceedings{INDO:BraPre05,
  author    = {An Braeken and
               Bart Preneel},
  title     = {On the Algebraic Immunity of Symmetric Boolean Functions},
  booktitle = {Progress in Cryptology - {INDOCRYPT} 2005, 6th International Conference
               on Cryptology in India, Bangalore, India, December 10-12, 2005, Proceedings},
  pages     = {35--48},
  year      = {2005},
}



@inproceedings{C:HalSho18,
  author    = {Shai Halevi and
               Victor Shoup},
  title     = {Faster Homomorphic Linear Transformations in HElib},
  booktitle = {Advances in Cryptology - {CRYPTO} 2018 - 38th Annual International
               Cryptology Conference, Santa Barbara, CA, USA, August 19-23, 2018,
               Proceedings, Part {I}},
  pages     = {93--120},
  year      = {2018},
  crossref  = {DBLP:conf/crypto/2018-1},
}


@InProceedings{C:HalSho14,
  author =       "Shai Halevi and
                  Victor Shoup",
  title =        "Algorithms in {HElib}",
  pages =        "554--571",
  editor =       crypto14ed,
  booktitle =    crypto14name1,
  address =      cryptoaddr,
  month =        crypto14month,
  publisher =    cryptopub,
  series =       mylncs,
  year =         2014,
}

@article{DAM:WCST14,
  author    = {Qichun Wang and
               Claude Carlet and
               Pantelimon Stanica and
               Chik How Tan},
  title     = {Cryptographic properties of the hidden weighted bit function},
  journal   = {Discret. Appl. Math.},
  volume    = {174},
  pages     = {1--10},
  year      = {2014}
}


@InProceedings{STOC:Gentry09,
  author =       "Craig Gentry",
  title =        "Fully homomorphic encryption using ideal lattices",
  pages =        "169--178",
  editor =       stoc09ed,
  booktitle =    stoc09name,
  address =      stoc09addr,
  month =        stoc09month,
  publisher =    stocpub,
  year =         2009,
}

@InProceedings{PKC:SmaVer10,
  author =       "Nigel P. Smart and
                  Frederik Vercauteren",
  title =        "Fully Homomorphic Encryption with Relatively Small Key and Ciphertext Sizes",
  pages =        "420--443",
  editor =       pkc10ed,
  booktitle =    pkc10name,
  volume =       pkc10vol,
  address =      pkc10addr,
  month =        pkc10month,
  publisher =    pkcpub,
  series =       mylncs,
  year =         2010,
}


@InProceedings{FOCS:BCG+20,
  author =       "Elette Boyle and Geoffroy Couteau and Niv Gilboa and Yuval Ishai and Lisa Kohl and Peter Scholl",
  title =        "Correlated Pseudorandom Functions from Variable-Density LPN",
  editor =       focs20ed,
  booktitle =    focs20name,
  address =      focs20addr,
  month =        focs20month,
  publisher =    focspub,
  year =         2020,
}



@InProceedings{ITCS:BraGenVai12,
  author =       "Zvika Brakerski and
                  Craig Gentry and
                  Vinod Vaikuntanathan",
  title =        "({L}eveled) fully homomorphic encryption without bootstrapping",
  pages =        "309--325",
  editor =       itcs12ed,
  booktitle =    itcs12name,
  address =      itcs12addr,
  month =        itcs12month,
  publisher =    itcspub_v2,
  year =         2012,
}

@Misc{EPRINT:GenHal10,
  author =       "Craig Gentry and
                  Shai Halevi",
  title =        "Implementing Gentry's Fully-Homomorphic Encryption Scheme",
  year =         2010,
  howpublished = "Cryptology ePrint Archive, Report 2010/520",
}

@Misc{Cusick18,
  author =       "Cusick, Thomas",
  title =        "Simpler proof for nonlinearity of majority function",
  year =         2018,
  howpublished = "arXiv:1710.02034v2",
}


@book{Carlet20, place={Cambridge}, title={Boolean Functions for Cryptography and Coding Theory}, DOI={10.1017/9781108606806}, publisher={Cambridge University Press}, author={Carlet, Claude}, year={2021}}

@Misc{EPRINT:CGZ19,
  author =       "Yindong Chen and
                  Fei Guo and 
                  Liu Zhang",
  title =        "Fast Algebraic Immunity of $2^m+2$ and $2^m+3$ variables Majority Function",
  year =         2019,
  howpublished = "Cryptology ePrint Archive, Report 2019/286",
}


@InProceedings{C:GolGolHal97b,
  author =       "Oded Goldreich and
                  Shafi Goldwasser and
                  Shai Halevi",
  title =        "Public-Key Cryptosystems from Lattice Reduction Problems",
  pages =        "112--131",
  editor =       crypto97ed,
  booktitle =    crypto97name,
  volume =       crypto97vol,
  address =      cryptoaddr,
  month =        crypto97month,
  publisher =    cryptopub,
  series =       mylncs,
  year =         1997,
}

@InProceedings{FOCS:BraVai11,
  author =       "Zvika Brakerski and
                  Vinod Vaikuntanathan",
  title =        "Efficient Fully Homomorphic Encryption from (Standard) {LWE}",
  pages =        "97--106",
  editor =       focs11ed,
  booktitle =    focs11name,
  address =      focs11addr,
  month =        focs11month,
  publisher =    focspub,
  year =         2011,
}

@InProceedings{FOCS:GenHal11,
  author =       "Craig Gentry and
                  Shai Halevi",
  title =        "Fully Homomorphic Encryption without Squashing Using Depth-3 Arithmetic Circuits",
  pages =        "107--109",
  editor =       focs11ed,
  booktitle =    focs11name,
  address =      focs11addr,
  month =        focs11month,
  publisher =    focspub,
  year =         2011,
}

@InProceedings{C:Brakerski12,
  author =       "Zvika Brakerski",
  title =        "Fully Homomorphic Encryption without Modulus Switching from Classical {GapSVP}",
  pages =        "868--886",
  editor =       crypto12ed,
  booktitle =    crypto12name,
  volume =       crypto12vol,
  address =      cryptoaddr,
  month =        crypto12month,
  publisher =    cryptopub,
  series =       mylncs,
  year =         2012,
}

@InProceedings{EC:CorNacTib12,
  author =       "Jean-S{\'e}bastien Coron and
                  David Naccache and
                  Mehdi Tibouchi",
  title =        "Public Key Compression and Modulus Switching for Fully Homomorphic Encryption over the Integers",
  pages =        "446--464",
  editor =       eurocrypt12ed,
  booktitle =    eurocrypt12name,
  volume =       eurocrypt12vol,
  address =      eurocrypt12addr,
  month =        eurocrypt12month,
  publisher =    eurocryptpub,
  series =       mylncs,
  year =         2012,
}

@InProceedings{C:GenSahWat13,
  author =       "Craig Gentry and
                  Amit Sahai and
                  Brent Waters",
  title =        "Homomorphic Encryption from Learning with Errors: Conceptually-Simpler, Asymptotically-Faster, Attribute-Based",
  pages =        "75--92",
  editor =       crypto13ed,
  booktitle =    crypto13name1,
  volume =       crypto13vol1,
  address =      cryptoaddr,
  month =        crypto13month,
  publisher =    cryptopub,
  series =       mylncs,
  year =         2013,
}


@InProceedings{PKC:HirAbeOka15,
  author =       "Ryo Hiromasa and
                  Masayuki Abe and
                  Tatsuaki Okamoto",
  title =        "Packing Messages and Optimizing Bootstrapping in {GSW}-{FHE}",
  editor =       pkc15ed,
  booktitle =    pkc15name,
  volume =       pkc15vol,
  address =      pkc15addr,
  publisher =    pkcpub,
  series =       mylncs,
  year =         2015,
}



@InProceedings{EC:MicPei12,
  author =       "Daniele Micciancio and
                  Chris Peikert",
  title =        "Trapdoors for Lattices: Simpler, Tighter, Faster, Smaller",
  pages =        "700--718",
  editor =       eurocrypt12ed,
  booktitle =    eurocrypt12name,
  volume =       eurocrypt12vol,
  address =      eurocrypt12addr,
  month =        eurocrypt12month,
  publisher =    eurocryptpub,
  series =       mylncs,
  year =         2012,
}

@Misc{EPRINT:KheGulVai14,
  author =       "Alhassan Khedr and
                  Glenn Gulak and
                  Vinod Vaikuntanathan",
  title =        "{SHIELD}: Scalable Homomorphic Implementation of Encrypted Data-Classifiers",
  year =         2014,
  howpublished = "Cryptology ePrint Archive, Report 2014/838",
}

@Article{Lobanov09,
author="Lobanov, M. S.",
title="Exact relations between nonlinearity and algebraic immunity",
journal="Journal of Applied and Industrial Mathematics",
year="2009",
month="Jul",
day="01",
volume="3",
number="3",
pages="367--376",
issn="1990-4797",
}



@InProceedings{C:AlpPei14,
  author =       "Jacob {Alperin-Sheriff} and
                  Chris Peikert",
  title =        "Faster Bootstrapping with Polynomial Error",
  pages =        "297--314",
  editor =       crypto14ed,
  booktitle =    crypto14name1,
  volume =       crypto14vol1,
  address =      cryptoaddr,
  month =        crypto14month,
  publisher =    cryptopub,
  series =       mylncs,
  year =         2014,
}

@InProceedings{AC:CGGI16,
  author =       "Ilaria Chillotti and
                  Nicolas Gama and
                  Mariya Georgieva and
                  Malika Izabach{\`e}ne",
  title =        "Faster Fully Homomorphic Encryption: Bootstrapping in Less Than 0.1 Seconds",
  pages =        "3--33",
  editor =       asiacrypt16ed,
  booktitle =    asiacrypt16name1,
  volume =       asiacrypt16vol1,
  address =      asiacrypt16addr,
  month =        asiacrypt16month,
  publisher =    asiacryptpub,
  series =       mylncs,
  year =         2016,
}

@article{IEEE:TanCarTan13,
author = {Tang, Deng and Carlet, Claude and Tang, Xiaohu},
year = {2013},
month = {01},
pages = {653-664},
title = {Highly Nonlinear Boolean Functions With Optimal Algebraic Immunity and Good Behavior Against Fast Algebraic Attacks},
journal = {IEEE Transactions on Information Theory},
doi = {10.1109/TIT.2012.2217476}
}

@Article{IEEE:TCTZ17,
author={D. {Tang} and C. {Carlet} and X. {Tang} and Z. {Zhou}},
journal={IEEE Transactions on Information Theory},
title={Construction of Highly Nonlinear 1-Resilient Boolean Functions With Optimal Algebraic Immunity and Provably High Fast Algebraic Immunity},
year={2017},
pages={6113-6125},
keywords={Boolean functions;cryptography;nonlinear 1-resilient Boolean functions;optimal algebraic immunity;high fast algebraic immunity;filter functions;stream ciphers;optimal algebraic degree;Siegenthaler bound;Boolean functions;Ciphers;Resists;Standards;Correlation;Transforms;Stream cipher;Boolean function;resiliency;algebraic immunity;fast algebraic immunity;nonlinearity},
doi={10.1109/TIT.2017.2725918},
ISSN={0018-9448},
month={Sep.},}

@InProceedings{IEEE:LiuLin14,
author={M. {Liu} and D. {Lin}},
booktitle={2014 IEEE International Symposium on Information Theory},
title={Almost perfect algebraic immune functions with good nonlinearity},
year={2014},
volume={},
number={},
pages={1837-1841},
keywords={Boolean algebra;cryptography;perfect algebraic immune functions;good nonlinearity;2k-variable Boolean functions;optimal algebraic immunity;algebraic attacks;optimal algebraic degree;Carlet-Feng function;Boolean functions;Polynomials;Computer science;Ciphers;Information theory},
doi={10.1109/ISIT.2014.6875151},
ISSN={2157-8117},
month={June},}

@InProceedings{AC:LiuZhaLin12,
  author =       "Meicheng Liu and
                  Yin Zhang and
                  Dongdai Lin",
  title =        "Perfect Algebraic Immune Functions",
  pages =        "172--189",
  editor =       asiacrypt12ed,
  booktitle =    asiacrypt12name,
  volume =       asiacrypt12vol,
  address =      asiacrypt12addr,
  month =        asiacrypt12month,
  publisher =    asiacryptpub,
  series =       mylncs,
  year =         2012,
}

@InProceedings{AC:CarFen08,
  author =       "Claude Carlet and
                  Keqin Feng",
  title =        "An Infinite Class of Balanced Functions with Optimal Algebraic Immunity, Good Immunity to Fast Algebraic Attacks and Good Nonlinearity",
  pages =        "425--440",
  editor =       asiacrypt08ed,
  booktitle =    asiacrypt08name,
  volume =       asiacrypt08vol,
  address =      asiacrypt08addr,
  month =        asiacrypt08month,
  publisher =    asiacryptpub,
  series =       mylncs,
  year =         2008,
}

@InProceedings{FSE:DalGupMai05,
  author =       "Deepak Kumar Dalai and
                  Kishan Chand Gupta and
                  Subhamoy Maitra",
  title =        "Cryptographically Significant {Boolean} Functions: {Construction} and Analysis in Terms of Algebraic Immunity",
  pages =        "98--111",
  editor =       fse05ed,
  booktitle =    fse05name,
  volume =       fse05vol,
  address =      fse05addr,
  month =        fse05month,
  publisher =    fsepub,
  series =       mylncs,
  year =         2005,
}

@Misc{EPRINT:Dalai13,
  author =       "Deepak Kumar Dalai",
  title =        "Computing the Rank of Incidence Matrix and the Algebraic Immunity of {Boolean} Functions",
  year =         2013,
  howpublished = "Cryptology ePrint Archive, Report 2013/273",
  note =         "\url{http://eprint.iacr.org/2013/273}",
}

@article{TanLuoDu16,
  author    = {Deng Tang and
               Rong Luo and
               Xiaoni Du},
  title     = {The Exact Fast Algebraic Immunity of Two Subclasses of the Majority
               Function},
  journal   = {{IEICE} Transactions},
  pages     = {2084--2088},
  year      = 2016,
}

@article{IEEE:QuLiFe07,
author = {Qu, Longjiang and Li, Chao and Feng, Keqin},
year = {2007},
title = {A Note on Symmetric Boolean Functions With Maximum Algebraic Immunity in Odd Number of Variables},
journal   = {IEEE Transactions on Information Theory},
volume = {53},
}

@article{DAM:LiSu20,
  author    = {Jingjing Li and
               Sihong Su},
  title     = {Construction of weightwise perfectly balanced Boolean functions with
               high weightwise nonlinearity},
  journal   = {Discret. Appl. Math.},
  volume    = {279},
  pages     = {218--227},
  year      = {2020}
}
@article{CC:TangLiu19,
  author    = {Deng Tang and
               Jian Liu},
  title     = {A family of weightwise (almost) perfectly balanced boolean functions
               with optimal algebraic immunity},
  journal   = {Cryptogr. Commun.},
  volume    = {11},
  number    = {6},
  pages     = {1185--1197},
  year      = {2019}
}


@InProceedings{AC:CDMRR18,
  author =       "Geoffroy Couteau and
                  Aur\'elien Dupin and
                  Pierrick M\'eaux and
                  M\'elissa Rossi and
                  Yann Rotella",
  title =        "On the Concrete Security of Goldreich's Pseudorandom Generator",
  editor =       asiacrypt18ed,
  booktitle =    asiacrypt18name1,
  volume =       asiacrypt18vol1,
  address =      asiacrypt18addr,
  month =        asiacrypt18month,
  publisher =    asiacryptpub,
  series =       mylncs,
  year =         2018,
}




@InProceedings{STOC:BLPRS13,
  author =       "Zvika Brakerski and
                  Adeline Langlois and
                  Chris Peikert and
                  Oded Regev and
                  Damien Stehl{\'e}",
  title =        "Classical hardness of learning with errors",
  pages =        "575--584",
  editor =       stoc13ed,
  booktitle =    stoc13name,
  address =      stoc13addr,
  month =        stoc13month,
  publisher =    stocpub,
  year =         2013,
}

@InProceedings{AC:CheNgu11,
  author =       "Yuanmi Chen and
                  Phong Q. Nguyen",
  title =        "{BKZ} 2.0: Better Lattice Security Estimates",
  pages =        "1--20",
  editor =       asiacrypt11ed,
  booktitle =    asiacrypt11name,
  volume =       asiacrypt11vol,
  address =      asiacrypt11addr,
  month =        asiacrypt11month,
  publisher =    asiacryptpub,
  series =       mylncs,
  year =         2011,
}


@Misc{EPRINT:AlbPlaSco15,
  author =       "Martin R. Albrecht and
                  Rachel Player and
                  Sam Scott",
  title =        "On The Concrete Hardness Of Learning With Errors",
  year =         2015,
  howpublished = "Cryptology ePrint Archive, Report 2015/046",
}

@InProceedings{C:GenHalSma12,
  author =       "Craig Gentry and
                  Shai Halevi and
                  Nigel P. Smart",
  title =        "Homomorphic Evaluation of the {AES} Circuit",
  pages =        "850--867",
  editor =       crypto12ed,
  booktitle =    crypto12name,
  volume =       crypto12vol,
  address =      cryptoaddr,
  month =        crypto12month,
  publisher =    cryptopub,
  series =       mylncs,
  year =         2012,
}

@InProceedings{C:AlpPei13,
  author =       "Jacob {Alperin-Sheriff} and
                  Chris Peikert",
  title =        "Practical Bootstrapping in Quasilinear Time",
  pages =        "1--20",
  editor =       crypto13ed,
  booktitle =    crypto13name1,
  volume =       crypto13vol1,
  address =      cryptoaddr,
  month =        crypto13month,
  publisher =    cryptopub,
  series =       mylncs,
  year =         2013,
}

@InProceedings{PKC:OrsPolSma15,
  author =       "Emmanuela Orsini and
                  Joop van de Pol and
                  Nigel P. Smart",
  title =        "Bootstrapping {BGV} Ciphertexts with a Wider Choice of $p$ and $q$",
  pages =        "673--698",
  editor =       pkc15ed,
  booktitle =    pkc15name,
  volume =       pkc15vol,
  address =      pkc15addr,
  month =        pkc15month,
  publisher =    pkcpub,
  series =       mylncs,
  year =         2015,
}

@InProceedings{EC:DucMic15,
  author =       "L{\'e}o Ducas and
                  Daniele Micciancio",
  title =        "{FHEW}: Bootstrapping Homomorphic Encryption in Less Than a Second",
  pages =        "617--640",
  editor =       eurocrypt15ed,
  booktitle =    eurocrypt15name1,
  volume =       eurocrypt15vol1,
  address =      eurocrypt15addr,
  month =        eurocrypt15month,
  publisher =    eurocryptpub,
  series =       mylncs,
  year =         2015,
}


@InProceedings{FCW:LepPai13,
  author =       "Tancr{\`e}de Lepoint and
                  Pascal Paillier",
  title =        "On the Minimal Number of Bootstrappings in Homomorphic Circuits",
  pages =        "189--200",
  editor =       fcw13ed,
  booktitle =    fcw13name,
  volume =       fcw13vol,
  address =      fcw13addr,
  month =        fcw13month,
  publisher =    fcwpub,
  series =       mylncs,
  year =         2013,
}

@Misc{EPRINT:BLMZ16,
  author =       "Fabrice Benhamouda and
                  Tancr{\`e}de Lepoint and
                  Claire Mathieu and
                  Hang Zhou",
  title =        "Optimization of Bootstrapping in Circuits",
  year =         2016,
  howpublished = "Cryptology ePrint Archive, Report 2016/785",
}

@InProceedings{SAC:PaiVia15,
  author =       "Marie Paindavoine and
                  Bastien Vialla",
  title =        "Minimizing the Number of Bootstrappings in Fully Homomorphic Encryption",
  pages =        "25--43",
  editor =       sac15ed,
  booktitle =    sac15name,
  volume =       sac15vol,
  address =      sac15addr,
  month =        sac15month,
  publisher =    sacpub,
  series =       mylncs,
  year =         2016,
}

@Misc{EPRINT:LauNaeVai11,
  author =       "Kristin Lauter and
                  Michael Naehrig and
                  Vinod Vaikuntanathan",
  title =        "Can Homomorphic Encryption be Practical?",
  year =         2011,
  howpublished = "Cryptology ePrint Archive, Report 2011/405",
}
@inproceedings{C:Rasta,
  author    = {Christoph Dobraunig and
               Maria Eichlseder and
               Lorenzo Grassi and
               Virginie Lallemand and
               Gregor Leander and
               Eik List and
               Florian Mendel and
               Christian Rechberger},
  title     = {Rasta: {A} Cipher with Low ANDdepth and Few ANDs per Bit},
  booktitle = {{CRYPTO} 2018},
  pages     = {662--692},
  year      = {2018},
  crossref  = {DBLP:conf/crypto/2018-1},
}

@inproceedings{DBLP:conf/ches/GerardGNS13,
  author    = {Beno{\^{\i}}t G{\'{e}}rard and
               Vincent Grosso and
               Mar{\'{\i}}a Naya{-}Plasencia and
               Fran{\c{c}}ois{-}Xavier Standaert},
  title     = {Block Ciphers That Are Easier to Mask: How Far Can We Go?},
  booktitle = {{CHES} 2013.},
  year      = {2013},
  crossref  = {DBLP:conf/ches/2013},
}

@proceedings{DBLP:conf/ches/2013,
  editor    = {Guido Bertoni and
               Jean{-}S{\'{e}}bastien Coron},
  title     = {Cryptographic Hardware and Embedded Systems - {CHES} 2013 - 15th International
               Workshop, Santa Barbara, CA, USA, August 20-23, 2013. Proceedings},
  series    = {Lecture Notes in Computer Science},
  volume    = {8086},
  publisher = {Springer},
  year      = {2013},
}

@inproceedings{DBLP:conf/fse/GrossoLSV14,
  author    = {Vincent Grosso and
               Ga{\"{e}}tan Leurent and
               Fran{\c{c}}ois{-}Xavier Standaert and
               Kerem Varici},
  title     = {LS-Designs: Bitslice Encryption for Efficient Masked Software Implementations},
  booktitle = {Fast Software Encryption - 21st International Workshop, {FSE} 2014,
               London, UK, March 3-5, 2014. Revised Selected Papers},
  year      = {2014},
  crossref  = {DBLP:conf/fse/2014},
}

@inproceedings{ACNS:PirRocCar12,
  author    = {Gilles Piret and
               Thomas Roche and
               Claude Carlet},
  title     = {{PICARO} - {A} Block Cipher Allowing Efficient Higher-Order Side-Channel
               Resistance},
  booktitle = {ACNS 2012, Singapore, 2012. Proceedings},
  pages     = {311--328},
  year      = {2012},
  crossref  = {DBLP:conf/acns/2012},
}



@article{DBLP:journals/iacr/AlbrechtRSTZ16,
  author    = {Martin R. Albrecht and
               Christian Rechberger and
               Thomas Schneider and
               Tyge Tiessen and
               Michael Zohner},
  title     = {Ciphers for {MPC} and {FHE}},
  journal   = {{IACR} Cryptology ePrint Archive},
  volume    = {2016},
  pages     = {687},
  year      = {2016},
  }



@InProceedings{FSE:CCFLNP16,
  author =       "Anne Canteaut and
                  Sergiu Carpov and
                  Caroline Fontaine and
                  Tancr{\`e}de Lepoint and
                  Mar{\'\i}a Naya-Plasencia and
                  Pascal Paillier and
                  Renaud Sirdey",
  title =        "Stream Ciphers: {A} Practical Solution for Efficient Homomorphic-Ciphertext Compression",
  editor =       fse16ed,
  booktitle =    fse16name,
  volume =       fse16vol,
  address =      fse16addr,
  month =        fse16month,
  publisher =    fsepub,
  series =       mylncs,
  year =         2016,
}

@InProceedings{ITCS:BraVai14,
  author =       "Zvika Brakerski and
                  Vinod Vaikuntanathan",
  title =        "Lattice-based {FHE} as secure as {PKE}",
  pages =        "1--12",
  editor =       itcs14ed,
  booktitle =    itcs14name,
  address =      itcs14addr,
  month =        itcs14month,
  publisher =    itcspub_v2,
  year =         2014,
}

@inproceedings{EC:BBPPTV16,
  author    = {Sonia Bela{\"{\i}}d and
               Fabrice Benhamouda and
               Alain Passel{\`{e}}gue and
               Emmanuel Prouff and
               Adrian Thillard and
               Damien Vergnaud},
  title     = {Randomness Complexity of Private Circuits for Multiplication},
  booktitle = {Advances in Cryptology - {EUROCRYPT} 2016 - 35th Annual International
               Conference on the Theory and Applications of Cryptographic Techniques,
               Vienna, Austria, May 8-12, 2016, Proceedings, Part {II}},
  pages     = {616--648},
  year      = {2016},
  crossref  = {DBLP:conf/eurocrypt/2016-2},
  timestamp = {Fri, 02 Nov 2018 09:37:19 +0100},
  biburl    = {https://dblp.org/rec/bib/conf/eurocrypt/BelaidBPPTV16},
  bibsource = {dblp computer science bibliography, https://dblp.org}
}

@inproceedings{IC:MMMRS18,
  author    = {Subhamoy Maitra and
               Bimal Mandal and
               Thor Martinsen and
               Dibyendu Roy and
               Pantelimon Stanica},
  title     = {Tools in Analyzing Linear Approximation for Boolean Functions Related
               to {FLIP}},
  booktitle = {Progress in Cryptology - {INDOCRYPT} 2018},
  pages     = {282--303},
  year      = {2018},
  crossref  = {DBLP:conf/indocrypt/2018},
  timestamp = {Fri, 07 Dec 2018 06:53:10 +0100},
  biburl    = {https://dblp.org/rec/bib/conf/indocrypt/MaitraMMRS18},
  bibsource = {dblp computer science bibliography, https://dblp.org}
}

@inproceedings{TCC:LomVai17,
  author    = {Alex Lombardi and
               Vinod Vaikuntanathan},
  title     = {Limits on the Locality of Pseudorandom Generators and Applications
               to Indistinguishability Obfuscation},
  booktitle = {Theory of Cryptography - 15th International Conference, {TCC} 2017,
               Baltimore, MD, USA, November 12-15, 2017, Proceedings, Part {I}},
  pages     = {119--137},
  year      = {2017},
  crossref  = {DBLP:conf/tcc/2017-1},
  timestamp = {Tue, 07 Nov 2017 12:33:14 +0100},
  biburl    = {https://dblp.org/rec/bib/conf/tcc/LombardiV17},
  bibsource = {dblp computer science bibliography, https://dblp.org}
}


@book{books/sp/DaemenR02,
  address = {Berlin, Heidelberg, New York},
  author = {Daemen, Joan and Rijmen, Vincent},
  publisher = {Springer Verlag},
  title = {The Design of Rijndael: AES - The Advanced Encryption Standard},
  year = 2002
}


@InProceedings{FCW:DSES14,
  author =       "Yarkin Dor{\"o}z and
                  Aria Shahverdi and
                  Thomas Eisenbarth and
                  Berk Sunar",
  title =        "Toward Practical Homomorphic Evaluation of Block Ciphers Using Prince",
  pages =        "208--220",
  editor =       fcw14ed,
  booktitle =    fcw14name,
  volume =       fcw14vol,
  address =      fcw14addr,
  month =        fcw14month,
  publisher =    fcwpub,
  series =       mylncs,
  year =         2014,
}


@InProceedings{AFRICACRYPT:LepNae14,
  author =       "Tancr{\`e}de Lepoint and
                  Michael Naehrig",
  title =        "A Comparison of the Homomorphic Encryption Schemes {FV} and {YASHE}",
  pages =        "318--335",
  editor =       africacrypt14ed,
  booktitle =    africacrypt14name,
  volume =       africacrypt14vol,
  address =      africacrypt14addr,
  month =        africacrypt14month,
  publisher =    africacryptpub,
  series =       mylncs,
  year =         2014,
}

@InProceedings{EC:ARSTZ15,
  author =       "Martin R. Albrecht and
                  Christian Rechberger and
                  Thomas Schneider and
                  Tyge Tiessen and
                  Michael Zohner",
  title =        "Ciphers for {MPC} and {FHE}",
  pages =        "430--454",
  editor =       eurocrypt15ed,
  booktitle =    eurocrypt15name1,
  volume =       eurocrypt15vol1,
  address =      eurocrypt15addr,
  month =        eurocrypt15month,
  publisher =    eurocryptpub,
  series =       mylncs,
  year =         2015,
}

@InProceedings{C:HalSho14,
  author =       "Shai Halevi and
                  Victor Shoup",
  title =        "Algorithms in {HElib}",
  pages =        "554--571",
  editor =       crypto14ed,
  booktitle =    crypto14name1,
  volume =       crypto14vol1,
  address =      cryptoaddr,
  month =        crypto14month,
  publisher =    cryptopub,
  series =       mylncs,
  year =         2014,
}

@Article{LubRac88,
  author =       "Michael Luby and
                  Charles Rackoff",
  title =        "How to construct pseudorandom permutations from pseudorandom functions",
  journal =      siamjc,
  year =         1988,
  volume =       17,
  number =       2,
}

@InProceedings{EC:MJSC16,
  author =       "Pierrick M{\'{e}}aux and
                  Anthony Journault and
                  Fran{\c c}ois-Xavier Standaert and
                  Claude Carlet",
  title =        "Towards Stream Ciphers for Efficient {FHE} with Low-Noise Ciphertexts",
  pages =        "311--343",
  editor =       eurocrypt16ed,
  booktitle =    eurocrypt16name1,
  volume =       eurocrypt16vol1,
  address =      eurocrypt16addr,
  month =        eurocrypt16month,
  publisher =    eurocryptpub,
  series =       mylncs,
  year =         2016,
}

@Inbook{Fouque2016,
author="Fouque, Pierre-Alain
and Hadjibeyli, Benjamin
and Kirchner, Paul",
editor="Dinh, Thang N.
and Thai, My T.",
title="Homomorphic Evaluation of Lattice-Based Symmetric Encryption Schemes",
bookTitle="Computing and Combinatorics : 22nd International Conference, COCOON 2016, Ho Chi Minh City, Vietnam, August 2-4, 2016, Proceedings",
year="2016",
publisher="Springer International Publishing",
address="Cham",
pages="269--280",
}

@Misc{EPRINT:LanSte12a,
  author =       "Adeline Langlois and
                  Damien Stehl{\'e}",
  title =        "Worst-Case to Average-Case Reductions for Module Lattices",
  year =         2012,
  howpublished = "Cryptology ePrint Archive, Report 2012/090",
}

@InProceedings{ICALP:AroGe11,
  author =       "Sanjeev Arora and
                  Rong Ge",
  title =        "New Algorithms for Learning in Presence of Errors",
  pages =        "403--415",
  editor =       icalp11ed,
  booktitle =    icalp11name1,
  volume =       icalp11vol1,
  address =      icalp11addr,
  month =        icalp11month,
  publisher =    icalppub,
  series =       mylncs,
  year =         2011,
}


@Article{BluMic84,
  author =       "Manuel Blum and
                  Silvio Micali",
  title =        "How to Generate Cryptographically Strong Sequences of Pseudorandom Bits",
  journal =      siamjc,
  year =         1984,
  pages =        "850--864",
  volume =       13,
  number =       4,
}

@InProceedings{RSA:BelYee03,
  author =       "Mihir Bellare and
                  Bennet S. Yee",
  title =        "Forward-Security in Private-Key Cryptography",
  pages =        "1--18",
  editor =       rsa03ed,
  booktitle =    rsa03name,
  volume =       rsa03vol,
  address =      rsa03addr,
  month =        rsa03month,
  publisher =    rsapub,
  series =       mylncs,
  year =         2003,
  annote =       "New version of \cite{BelYee01}",
}

@InProceedings{C:StaPerYu13,
  author =       "Fran{\c c}ois-Xavier Standaert and
                  Olivier Pereira and
                  Yu Yu",
  title =        "Leakage-Resilient Symmetric Cryptography under Empirically Verifiable Assumptions",
  pages =        "335--352",
  editor =       crypto13ed,
  booktitle =    crypto13name1,
  volume =       crypto13vol1,
  address =      cryptoaddr,
  month =        crypto13month,
  publisher =    cryptopub,
  series =       mylncs,
  year =         2013,
}

@book{Knuth2,
	title = {Seminumerical Algorithms},
	author = {Donald E.\ Knuth},
	publisher = {Addison-Wesley Professional},
	series = {The Art of Computer Programming},
	volume = {2},
	year = {1997},
	month = {November},
        edition = {Third},
}

@InProceedings{RSA:LinPei11,
  author =       "Richard Lindner and
                  Chris Peikert",
  title =        "Better Key Sizes (and Attacks) for {LWE}-Based Encryption",
  pages =        "319--339",
  editor =       rsa11ed,
  booktitle =    rsa11name,
  volume =       rsa11vol,
  address =      rsa11addr,
  month =        rsa11month,
  publisher =    rsapub,
  series =       mylncs,
  year =         2011,
}

@InProceedings{EC:GamNgu08,
  author =       "Nicolas Gama and
                  Phong Q. Nguyen",
  title =        "Predicting Lattice Reduction",
  pages =        "31--51",
  editor =       eurocrypt08ed,
  booktitle =    eurocrypt08name,
  volume =       eurocrypt08vol,
  address =      eurocrypt08addr,
  month =        eurocrypt08month,
  publisher =    eurocryptpub,
  series =       mylncs,
  year =         2008,
}

@Misc{EPRINT:RckSch10,
  author =       "Markus R{\"u}ckert and
                  Michael Schneider",
  title =        "Estimating the Security of Lattice-based Cryptosystems",
  year =         2010,
  howpublished = "Cryptology ePrint Archive, Report 2010/137",
}

@InProceedings{STOC:Regev05,
  author =       "Oded Regev",
  title =        "On lattices, learning with errors, random linear codes, and cryptography",
  pages =        "84--93",
  editor =       stoc05ed,
  booktitle =    stoc05name,
  address =      stoc05addr,
  month =        stoc05month,
  publisher =    stocpub,
  year =         2005,
}


@InProceedings{C:DDLL13,
  author =       "L{\'e}o Ducas and
                  Alain Durmus and
                  Tancr{\`e}de Lepoint and
                  Vadim Lyubashevsky",
  title =        "Lattice Signatures and Bimodal {Gaussians}",
  pages =        "40--56",
  editor =       crypto13ed,
  booktitle =    crypto13name1,
  volume =       crypto13vol1,
  address =      cryptoaddr,
  month =        crypto13month,
  publisher =    cryptopub,
  series =       mylncs,
  year =         2013,
}

@InProceedings{AC:DLMW15,
  author =       "Itai Dinur and
                  Yunwen Liu and
                  Willi Meier and
                  Qingju Wang",
  title =        "Optimized Interpolation Attacks on {LowMC}",
  pages =        "535--560",
  editor =       asiacrypt15ed,
  booktitle =    asiacrypt15name2,
  volume =       asiacrypt15vol2,
  address =      asiacrypt15addr,
  month =        asiacrypt15month,
  publisher =    asiacryptpub,
  series =       mylncs,
  year =         2015,
}

@InProceedings{ICISC:DobEicMen15,
  author =       "Christoph Dobraunig and
                  Maria Eichlseder and
                  Florian Mendel",
  title =        "Higher-Order Cryptanalysis of {LowMC}",
  pages =        "87--101",
  editor =       icisc15ed,
  booktitle =    icisc15name,
  volume =       icisc15vol,
  address =      icisc15addr,
  month =        icisc15month,
  publisher =    iciscpub,
  series =       mylncs,
  year =         2016,
}

@Article{JC:LisRivWag11,
  author =       "Moses Liskov and
                  Ronald L. Rivest and
                  David Wagner",
  title =        "Tweakable Block Ciphers",
  pages =        "588--613",
  volume =       24,
  month =        jul,
  publisher =    springer,
  year =         2011,
  journal =      jcrypto,
  number =       3,
}

@InProceedings{EC:CouMei03,
  author =       "Nicolas Courtois and
                  Willi Meier",
  title =        "Algebraic Attacks on Stream Ciphers with Linear Feedback",
  editor =       eurocrypt03ed,
  booktitle =    eurocrypt03name,
  volume =       eurocrypt03vol,
  address =      eurocrypt03addr,
  month =        eurocrypt03month,
  publisher =    eurocryptpub,
  series =       mylncs,
  year =         2003,
}

@InProceedings{C:Courtois03,
  author =       "Nicolas Courtois",
  title =        "Fast Algebraic Attacks on Stream Ciphers with Linear Feedback",
  pages =        "176--194",
  editor =       crypto03ed,
  booktitle =    crypto03name,
  volume =       crypto03vol,
  address =      cryptoaddr,
  month =        crypto03month,
  publisher =    cryptopub,
  series =       mylncs,
  year =         2003,
}

@InProceedings{FSE:Armknecht04,
  author =       "Frederik Armknecht",
  title =        "Improving Fast Algebraic Attacks",
  pages =        "65--82",
  editor =       fse04ed,
  booktitle =    fse04name,
  volume =       fse04vol,
  address =      fse04addr,
  month =        fse04month,
  publisher =    fsepub,
  series =       mylncs,
  year =         2004,
}

@InProceedings{EC:ACGKMR06,
  author =       "Frederik Armknecht and
                  Claude Carlet and
                  Philippe Gaborit and
                  Simon K{\"u}nzli and
                  Willi Meier and
                  Olivier Ruatta",
  title =        "Efficient Computation of Algebraic Immunity for Algebraic and Fast Algebraic Attacks",
  editor =       eurocrypt06ed,
  booktitle =    eurocrypt06name,
  volume =       eurocrypt06vol,
  address =      eurocrypt06addr,
  month =        eurocrypt06month,
  publisher =    eurocryptpub,
  series =       mylncs,
  year =         2006,
}

@InProceedings{STOC:BluKalWas00,
  author =       "Avrim Blum and
                  Adam Kalai and
                  Hal Wasserman",
  title =        "Noise-tolerant learning, the parity problem, and the statistical query model",
  pages =        "435--440",
  editor =       stoc00ed,
  booktitle =    stoc00name,
  address =      stoc00addr,
  month =        stoc00month,
  publisher =    stocpub,
  year =         2000,
}

@InProceedings{SCN:LevFou06,
  author =       "{\'E}ric Levieil and
                  Pierre-Alain Fouque",
  title =        "An Improved {LPN} Algorithm",
  pages =        "348--359",
  editor =       scn06ed,
  booktitle =    scn06name,
  volume =       scn06vol,
  address =      scn06addr,
  month =        scn06month,
  publisher =    scnpub,
  series =       mylncs,
  year =         2006,
}

@InProceedings{ICISC:Courtois02,
  author =       "Nicolas Courtois",
  title =        "Higher Order Correlation Attacks, {XL} Algorithm and Cryptanalysis of Toyocrypt",
  editor =       icisc02ed,
  booktitle =    icisc02name,
  volume =       icisc02vol,
  address =      icisc02addr,
  month =        icisc02month,
  publisher =    iciscpub,
  series =       mylncs,
  year =         2003,
}

@InProceedings{EC:MeiSta88,
  author =       "Willi Meier and
                  Othmar Staffelbach",
  title =        "Fast Correltaion Attacks on Stream Ciphers (Extended Abstract)",
  pages =        "301--314",
  editor =       eurocrypt88ed,
  booktitle =    eurocrypt88name,
  volume =       eurocrypt88vol,
  address =      eurocrypt88addr,
  month =        eurocrypt88month,
  publisher =    eurocryptpub,
  series =       mylncs,
  year =         1988,
}

@InProceedings{FSE:Meier11,
  author =       "Willi Meier",
  title =        "Fast Correlation Attacks: Methods and Countermeasures (Invited Talk)",
  pages =        "55--67",
  editor =       fse11ed,
  booktitle =    fse11name,
  volume =       fse11vol,
  address =      fse11addr,
  month =        fse11month,
  publisher =    fsepub,
  series =       mylncs,
  year =         2011,
}


@InProceedings{FSE:Anderson94a,
  author =       "Ross J. Anderson",
  title =        "Searching for the Optimum Correlation Attack",
  pages =        "137--143",
  editor =       fse94ed,
  booktitle =    fse94name,
  volume =       fse94vol,
  address =      fse94addr,
  month =        fse94month,
  publisher =    fsepub,
  series =       mylncs,
  year =         1995,
}


@InProceedings{FSE:FisMei07,
  author =       "Simon Fischer and
                  Willi Meier",
  title =        "Algebraic Immunity of {S}-Boxes and Augmented Functions",
  pages =        "366--381",
  editor =       fse07ed,
  booktitle =    fse07name,
  volume =       fse07vol,
  address =      fse07addr,
  month =        fse07month,
  publisher =    fsepub,
  series =       mylncs,
  year =         2007,
}

@InProceedings{EC:DinSha09,
  author =       "Itai Dinur and
                  Adi Shamir",
  title =        "Cube Attacks on Tweakable Black Box Polynomials",
  pages =        "278--299",
  editor =       eurocrypt09ed,
  booktitle =    eurocrypt09name,
  volume =       eurocrypt09vol,
  address =      eurocrypt09addr,
  month =        eurocrypt09month,
  publisher =    eurocryptpub,
  series =       mylncs,
  year =         2009,
}

@InProceedings{AC:KneMeiNay10,
  author =       "Simon Knellwolf and
                  Willi Meier and
                  Mar{\'\i}a {Naya-Plasencia}",
  title =        "Conditional Differential Cryptanalysis of {NLFSR}-Based Cryptosystems",
  pages =        "130--145",
  editor =       asiacrypt10ed,
  booktitle =    asiacrypt10name,
  volume =       asiacrypt10vol,
  address =      asiacrypt10addr,
  month =        asiacrypt10month,
  publisher =    asiacryptpub,
  series =       mylncs,
  year =         2010,
}

@InProceedings{SAC:BouCan10,
  author =       "Christina Boura and
                  Anne Canteaut",
  title =        "Zero-Sum Distinguishers for Iterated Permutations and Application to {Keccak}-f and {Hamsi}-256",
  pages =        "1--17",
  editor =       sac10ed,
  booktitle =    sac10name,
  volume =       sac10vol,
  address =      sac10addr,
  month =        sac10month,
  publisher =    sacpub,
  series =       mylncs,
  year =         2011,
}

@InProceedings{FSE:KnuWag02,
  author =       "Lars R. Knudsen and
                  David Wagner",
  title =        "Integral Cryptanalysis",
  pages =        "112--127",
  editor =       fse02ed,
  booktitle =    fse02name,
  volume =       fse02vol,
  address =      fse02addr,
  month =        fse02month,
  publisher =    fsepub,
  series =       mylncs,
  year =         2002,
}

@Misc{EPRINT:DuvLalRot16,
  author =       "S{\'e}bastien Duval and
                  Virginie Lallemand and
                  Yann Rotella",
  title =        "Cryptanalysis of the {FLIP} Family of Stream Ciphers",
  year =         2016,
  howpublished = "Cryptology ePrint Archive, Report 2016/271",
}

@InProceedings{C:DuvLalRot16,
  author =       "S{\'e}bastien Duval and
                  Virginie Lallemand and
                  Yann Rotella",
  title =        "Cryptanalysis of the {FLIP} Family of Stream Ciphers",
  pages =        "457--475",
  editor =       crypto16ed,
  booktitle =    crypto16name1,
  volume =       crypto16vol1,
  address =      cryptoaddr,
  month =        crypto16month,
  publisher =    cryptopub,
  series =       mylncs,
  year =         2016,
}

@Misc{EPRINT:CarMeaRot17,
  author =       "Claude Carlet and
                  Pierrick M{\'e}aux and
                  Yann Rotella",
  title =        "Boolean functions with restricted input and their robustness; application to the {FLIP} cipher",
  year =         2017,
  howpublished = "Cryptology ePrint Archive, Report 2017/097",
}

@InProceedings{EC:LyuPeiReg10,
  author =       "Vadim Lyubashevsky and
                  Chris Peikert and
                  Oded Regev",
  title =        "On Ideal Lattices and Learning with Errors over Rings",
  pages =        "1--23",
  editor =       eurocrypt10ed,
  booktitle =    eurocrypt10name,
  volume =       eurocrypt10vol,
  address =      eurocrypt10addr,
  month =        eurocrypt10month,
  publisher =    eurocryptpub,
  series =       mylncs,
  year =         2010,
}
@article{TOSC:CarMeaRot17,
  author    = {Claude Carlet and
               Pierrick M{\'{e}}aux and
               Yann Rotella},
  title     = {Boolean functions with restricted input and their robustness; application
               to the {FLIP} cipher},
  journal   = {{IACR} Trans. Symmetric Cryptol.},
  volume    = {2017},
  number    = {3},
  year      = {2017},
}
@InProceedings{EC:LyuPeiReg13,
  author =       "Vadim Lyubashevsky and
                  Chris Peikert and
                  Oded Regev",
  title =        "A Toolkit for Ring-{LWE} Cryptography",
  pages =        "35--54",
  editor =       eurocrypt13ed,
  booktitle =    eurocrypt13name,
  volume =       eurocrypt13vol,
  address =      eurocrypt13addr,
  month =        eurocrypt13month,
  publisher =    eurocryptpub,
  series =       mylncs,
  year =         2013,
}


@InProceedings{INDOCRYPT:JouDel06,
  author =       "Antoine Joux and
                  Pascal Delaunay",
  title =        "{Galois} {LFSR}, Embedded Devices and Side Channel Weaknesses",
  pages =        "436--451",
  editor =       indocrypt06ed,
  booktitle =    indocrypt06name,
  volume =       indocrypt06vol,
  address =      indocrypt06addr,
  month =        indocrypt06month,
  publisher =    indocryptpub,
  series =       mylncs,
  year =         2006,
}

@InProceedings{TCC:Applebaum13b,
  author =       "Benny Applebaum",
  title =        "Cryptographic Hardness of Random Local Functions-Survey",
  pages =        "599",
  editor =       tcc13ed,
  booktitle =    tcc13name,
  volume =       tcc13vol,
  address =      tcc13addr,
  month =        tcc13month,
  publisher =    tccpub,
  series =       mylncs,
  year =         2013,
}
@InProceedings{STOC:IKOS08,
  author =       "Yuval Ishai and
                  Eyal Kushilevitz and
                  Rafail Ostrovsky and
                  Amit Sahai",
  title =        "Cryptography with constant computational overhead",
  pages =        "433--442",
  booktitle =    stoc08name,
  address =      stoc08addr,
  month =        stoc08month,
  publisher =    stocpub,
  year =         2008,
}
@InProceedings{FOCS:LinVai16,
  author =       "Huijia Lin and
                  Vinod Vaikuntanathan",
  title =        "Indistinguishability Obfuscation from {DDH}-Like Assumptions on Constant-Degree Graded Encodings",
  pages =        "11--20",
  editor =       focs16ed,
  booktitle =    focs16name,
  address =      focs16addr,
  month =        focs16month,
  publisher =    focspub,
  year =         2016,
  doi =          "10.1109/FOCS.2016.11",
}

@Misc{EPRINT:LinTes17,
  author =       "Huijia Lin and
                  Stefano Tessaro",
  title =        "Indistinguishability Obfuscation from Trilinear Maps and Block-Wise Local {PRGs}",
  year =         2017,
  howpublished = "Cryptology ePrint Archive, Report 2017/250",
}

@Misc{EPRINT:Barak16,
  author =       "Boaz Barak",
  title =        "Hopes, Fears and Software Obfuscation: {A} Survey",
  year =         2016,
  howpublished = "Cryptology ePrint Archive, Report 2016/210",
}

@Misc{EPRINT:BonSil02,
  author =       "Dan Boneh and
                  Alice Silverberg",
  title =        "Applications of Multilinear Forms to Cryptography",
  year =         2002,
  howpublished = "Cryptology ePrint Archive, Report 2002/080",
}

@InProceedings{STOC:Applebaum12,
  author =       "Benny Applebaum",
  title =        "Pseudorandom generators with long stretch and low locality from random local one-way functions",
  pages =        "805--816",
  editor =       stoc12ed,
  booktitle =    stoc12name,
  address =      stoc12addr,
  month =        stoc12month,
  publisher =    stocpub,
  year =         2012,
}

@InProceedings{STOC:AppLov16,
  author =       "Benny Applebaum and
                  Shachar Lovett",
  title =        "Algebraic attacks against random local functions and their countermeasures",
  editor =       stoc16ed,
  booktitle =    stoc16name,
  address =      stoc16addr,
  month =        stoc16month,
  publisher =    stocpub,
  year =         2016,
}

@article{SIAM:AppLov18,
  author    = {Benny Applebaum and
               Shachar Lovett},
  title     = {Algebraic Attacks against Random Local Functions and Their Countermeasures},
  journal   = {{SIAM} J. Comput.},
  pages     = {52--79},
  year      = {2018},
}

@InProceedings{FOCS:MosShpTre03,
  author =       "Elchanan Mossel and
                  Amir Shpilka and
                  Luca Trevisan",
  title =        "On e-Biased Generators in {NC0}",
  pages =        "136--145",
  editor =       focs03ed,
  booktitle =    focs03name,
  address =      focs03addr,
  month =        focs03month,
  publisher =    focspub,
  year =         2003,
}
@article{TOSC:CMR17,
  author    = {Claude Carlet and
               Pierrick M{\'{e}}aux and
               Yann Rotella},
  title     = {Boolean functions with restricted input and their robustness; application
               to the {FLIP} cipher},
  journal   = {{IACR} Trans. Symmetric Cryptol.},
  volume    = {2017},
  number    = {3},
  pages     = {192--227},
  year      = {2017},
}



@InProceedings{STOC:AppBarWig10,
  author =       "Benny Applebaum and
                  Boaz Barak and
                  Avi Wigderson",
  title =        "Public-key cryptography from different assumptions",
  pages =        "171--180",
  editor =       stoc10ed,
  booktitle =    stoc10name,
  address =      stoc10addr,
  month =        stoc10month,
  publisher =    stocpub,
  year =         2010,
}

@InProceedings{AC:AGRRT16,
  author =       "Martin R. Albrecht and
                  Lorenzo Grassi and
                  Christian Rechberger and
                  Arnab Roy and
                  Tyge Tiessen",
  title =        "{MiMC}: Efficient Encryption and Cryptographic Hashing with Minimal Multiplicative Complexity",
  pages =        "191--219",
  editor =       asiacrypt16ed,
  booktitle =    asiacrypt16name1,
  volume =       asiacrypt16vol1,
  address =      asiacrypt16addr,
  month =        asiacrypt16month,
  publisher =    asiacryptpub,
  series =       mylncs,
  year =         2016,
}

@InProceedings{EC:AGKS05,
  author =       "Masayuki Abe and
                  Rosario Gennaro and
                  Kaoru Kurosawa and
                  Victor Shoup",
  title =        "{Tag-KEM/DEM}: A New Framework for Hybrid Encryption and A New Analysis of {Kurosawa-Desmedt} {KEM}",
  pages =        "128--146",
  editor =       eurocrypt05ed,
  booktitle =    eurocrypt05name,
  volume =       eurocrypt05vol,
  address =      eurocrypt05addr,
  month =        eurocrypt05month,
  publisher =    eurocryptpub,
  series =       mylncs,
  year =         2005,
}

@InProceedings{FOCS:BDJR97,
  author =       "Mihir Bellare and
                  Anand Desai and
                  Eric Jokipii and
                  Phillip Rogaway",
  title =        "A Concrete Security Treatment of Symmetric Encryption",
  pages =        "394--403",
  editor =       focs97ed,
  booktitle =    focs97name,
  address =      focs97addr,
  month =        focs97month,
  publisher =    focspub,
  year =         1997,
}

@InProceedings{FSE:BerGil07,
  author =       "C{\^o}me Berbain and
                  Henri Gilbert",
  title =        "On the Security of {IV} Dependent Stream Ciphers",
  pages =        "254--273",
  editor =       fse07ed,
  booktitle =    fse07name,
  volume =       fse07vol,
  address =      fse07addr,
  month =        fse07month,
  publisher =    fsepub,
  series =       mylncs,
  year =         2007,
}

@Book{Goldreich01,
  author =       "Oded Goldreich",
  title =        "Foundations of Cryptography: Basic Tools",
  publisher =    "Cambridge University Press",
  address =      "Cambridge, UK",
  volume =        1,
  pages =        "xix + 372",
  year =         2001,
  ISBN =         "0-521-79172-3 (hardback)",
  LCCN =         "QA268.G5745 2001",
  bibdate =      "Wed Jan 16 10:57:08 2002",
}

@InProceedings{STOC:GolLev89,
  author =       "Oded Goldreich and
                  Leonid A. Levin",
  title =        "A Hard-Core Predicate for all One-Way Functions",
  pages =        "25--32",
  editor =       stoc89ed,
  booktitle =    stoc89name,
  address =      stoc89addr,
  month =        stoc89month,
  publisher =    stocpub,
  year =         1989,
}

@InProceedings{FOCS:GolGolMic84,
  author =       "Oded Goldreich and
                  Shafi Goldwasser and
                  Silvio Micali",
  title =        "How to Construct Random Functions (Extended Abstract)",
  pages =        "464--479",
  editor =       focs83ed,
  booktitle =    focs84name,
  address =      focs84addr,
  month =        focs84month,
  publisher =    focspub,
  year =         1984,
}

@Book{MenVanVan97,
  author =       "Alfred J. Menezes and
                  Paul C. {van Oorschot} and
                  Scott A. Vanstone",
  title =        "Handbook of Applied Cryptography",
  publisher =    "CRC Press",
  address =      "2000 N.W. Corporate Blvd., Boca Raton, FL 33431-9868,
                 USA",
  pages =        "xxviii + 780",
  year =         1997,
  ISBN =         "0-8493-8523-7",
  LCCN =         "QA76.9.A25 M463 1997",
  series =       "The CRC Press series on discrete mathematics and its
                 applications",
}

@Misc{EPRINT:Peikert15,
  author =       "Chris Peikert",
  title =        "A Decade of Lattice Cryptography",
  year =         2015,
  howpublished = "Cryptology ePrint Archive, Report 2015/939",
}


@InProceedings{EC:BanPeiRos12,
  author =       "Abhishek Banerjee and
                  Chris Peikert and
                  Alon Rosen",
  title =        "Pseudorandom Functions and Lattices",
  pages =        "719--737",
  editor =       eurocrypt12ed,
  booktitle =    eurocrypt12name,
  volume =       eurocrypt12vol,
  address =      eurocrypt12addr,
  month =        eurocrypt12month,
  publisher =    eurocryptpub,
  series =       mylncs,
  year =         2012,
}

@InProceedings{PKC:GayMeaWee15,
  author =       "Romain Gay and
                  Pierrick M{\'e}aux and
                  Hoeteck Wee",
  title =        "Predicate Encryption for Multi-dimensional Range Queries from Lattices",
  pages =        "752--776",
  editor =       pkc15ed,
  booktitle =    pkc15name,
  volume =       pkc15vol,
  address =      pkc15addr,
  month =        pkc15month,
  publisher =    pkcpub,
  series =       mylncs,
  year =         2015,
}

@InProceedings{AC:CarFen08,
  author =       "Claude Carlet and
                  Keqin Feng",
  title =        "An Infinite Class of Balanced Functions with Optimal Algebraic Immunity, Good Immunity to Fast Algebraic Attacks and Good Nonlinearity",
  pages =        "425--440",
  editor =       asiacrypt08ed,
  booktitle =    asiacrypt08name,
  volume =       asiacrypt08vol,
  address =      asiacrypt08addr,
  month =        asiacrypt08month,
  publisher =    asiacryptpub,
  series =       mylncs,
  year =         2008,
}

@InProceedings{FSE:DidTil06,
  author =       "Fr{\'e}d{\'e}ric Didier and
                  Jean-Pierre Tillich",
  title =        "Computing the Algebraic Immunity Efficiently",
  pages =        "359--374",
  editor =       fse06ed,
  booktitle =    fse06name,
  volume =       fse06vol,
  address =      fse06addr,
  month =        fse06month,
  publisher =    fsepub,
  series =       mylncs,
  year =         2006,
}

@Misc{EPRINT:SmaVer11,
  author =       "N.P. Smart and
                  F. Vercauteren",
  title =        "Fully Homomorphic {SIMD} Operations",
  year =         2011,
  howpublished = "Cryptology ePrint Archive, Report 2011/133",
}

@Misc{Acorn,
  author =       "Wu Hongjun",
  title =        "A Lightweight Authenticated Cipher",
  year =         2016,
  url = "https://competitions.cr.yp.to/round3/acornv3.pdf",
}

@Misc{EPRINT:DGHV09,
  author =       "Marten van Dijk and
                  Craig Gentry and
                  Shai Halevi and
                  Vinod Vaikuntanathan",
  title =        "Fully Homomorphic Encryption over the Integers",
  year =         2009,
  howpublished = "Cryptology ePrint Archive, Report 2009/616",
}


@InProceedings{EC:CheSte15,
  author =       "Jung Hee Cheon and
                  Damien Stehl{\'e}",
  title =        "Fully Homomophic Encryption over the Integers Revisited",
  pages =        "513--536",
  editor =       eurocrypt15ed,
  booktitle =    eurocrypt15name1,
  volume =       eurocrypt15vol1,
  address =      eurocrypt15addr,
  month =        eurocrypt15month,
  publisher =    eurocryptpub,
  series =       mylncs,
  year =         2015,
}

@InProceedings{EC:CCKLLT13,
  author =       "Jung Hee Cheon and
                  Jean-S{\'e}bastien Coron and
                  Jinsu Kim and
                  Moon Sung Lee and
                  Tancr{\`e}de Lepoint and
                  Mehdi Tibouchi and
                  Aaram Yun",
  title =        "Batch Fully Homomorphic Encryption over the Integers",
  pages =        "315--335",
  editor =       eurocrypt13ed,
  booktitle =    eurocrypt13name,
  volume =       eurocrypt13vol,
  address =      eurocrypt13addr,
  month =        eurocrypt13month,
  publisher =    eurocryptpub,
  series =       mylncs,
  year =         2013,
}

@InProceedings{PKC:CorLepTib14,
  author =       "Jean-S{\'e}bastien Coron and
                  Tancr{\`e}de Lepoint and
                  Mehdi Tibouchi",
  title =        "Scale-Invariant Fully Homomorphic Encryption over the Integers",
  pages =        "311--328",
  editor =       pkc14ed,
  booktitle =    pkc14name,
  volume =       pkc14vol,
  address =      pkc14addr,
  month =        pkc14month,
  publisher =    pkcpub,
  series =       mylncs,
  year =         2014,
}

@InProceedings{INDOCRYPT:DalGupMai04,
  author =       "Deepak Kumar Dalai and
                  Kishan Chand Gupta and
                  Subhamoy Maitra",
  title =        "Results on Algebraic Immunity for Cryptographically Significant {Boolean} Functions",
  pages =        "92--106",
  editor =       indocrypt04ed,
  booktitle =    indocrypt04name,
  volume =       indocrypt04vol,
  address =      indocrypt04addr,
  month =        indocrypt04month,
  publisher =    indocryptpub,
  series =       mylncs,
  year =         2004,
}

@article{DBLP:journals/iacr/ChillottiGGI17,
  author    = {Ilaria Chillotti and
               Nicolas Gama and
               Mariya Georgieva and
               Malika Izabach{\`{e}}ne},
  title     = {Improving {TFHE:} faster packed homomorphic operations and efficient
               circuit bootstrapping},
  journal   = {{IACR} Cryptology ePrint Archive},
  volume    = {2017},
  pages     = {430},
  year      = {2017},
}


@article{MCFARLAND19731,
title = "A family of difference sets in non-cyclic groups",
journal = "Journal of Combinatorial Theory, Series A",
volume = "15",
number = "1",
pages = "1 - 10",
year = "1973",
issn = "0097-3165",
author = "Robert L McFarland"
}



@article{DBLP:journals/tit/BerlekampMT78,
  author    = {Elwyn R. Berlekamp and
               Robert J. McEliece and
               Henk C. A. van Tilborg},
  title     = {On the inherent intractability of certain coding problems (Corresp.)},
  journal   = {{IEEE} Trans. Information Theory},
  volume    = {24},
  number    = {3},
  pages     = {384--386},
  year      = {1978},
}


@Misc{EPRINT:SSTX09,
  author =       "Damien Stehl{\'e} and
                  Ron Steinfeld and
                  Keisuke Tanaka and
                  Keita Xagawa",
  title =        "Efficient Public Key Encryption Based on Ideal Lattices",
  year =         2009,
  howpublished = "Cryptology ePrint Archive, Report 2009/285",
}

@phdthesis{DBLP:phd/hal/Prest15,
  author    = {Thomas Prest},
  title     = {Gaussian Sampling in Lattice-Based Cryptography},
  school    = {{\'{E}}cole Normale Sup{\'{e}}rieure, Paris, France},
  year      = {2015},
}


@phdthesis{DBLP:phd/hal/Passelegue16,
  author    = {Alain Passel{\`{e}}gue},
  title     = {Algebraic Frameworks for Pseudorandom Functions},
  school    = {{PSL} Research University, Paris, France},
  year      = {2016},
}

@phdthesis{DBLP:phd/hal/Benhamouda16,
  author    = {Fabrice Benhamouda},
  title     = {Diverse modules and zero-knowledge},
  school    = {{\'{E}}cole Normale Sup{\'{e}}rieure, Paris, France},
  year      = {2016},
}


@phdthesis{DBLP:phd/hal/Lallemand16,
  author    = {Virginie Lallemand},
  title     = {Cryptanalyse de chiffrements sym{\'{e}}triques. (Cryptanalysis
               of symmetric ciphers)},
  school    = {Pierre and Marie Curie University, Paris, France},
  year      = {2016},
}

@article{Wilson90,
title = "A Diagonal Form for the Incidence Matrices of t-Subsets vs.k-Subsets",
journal = "European Journal of Combinatorics",
volume = "11",
number = "6",
pages = "609 - 615",
year = "1990",
issn = "0195-6698",
author = "Richard M. Wilson"
}

@article{Gottlieb66,
 author = {D. H. Gottlieb},
 journal = {Proceedings of the American Mathematical Society},
 number = {6},
 pages = {1233-1237},
 publisher = {American Mathematical Society},
 title = {A Certain Class of Incidence Matrices},
 volume = {17},
 year = {1966}
}



@article{Goldreich00,
  author    = {Oded Goldreich},
  title     = {Candidate One-Way Functions Based on Expander Graphs},
  journal   = {Electronic Colloquium on Computational Complexity {(ECCC)}},
  volume    = {7},
  number    = {90},
  year      = {2000},
}

@book{book:MacSlo78,
  author = {MacWilliams, F.J. and Sloane, N.J.A.},
  edition = {2nd},
  publisher = {North-holland Publishing Company},
  title = {The Theory of Error-Correcting Codes},
  year = 1978
}


@inproceedings{DBLP:conf/isit/DumerK12,
  author    = {Ilya Dumer and
               Olga Kapralova},
  title     = {Spherically punctured biorthogonal codes},
  booktitle = {Proceedings of the 2012 {IEEE} International Symposium on Information
               Theory, {ISIT} 2012, Cambridge, MA, USA, July 1-6, 2012},
  pages     = {259--263},
  year      = {2012},
  crossref  = {DBLP:conf/isit/2012},
}
@article{DBLP:journals/tit/DumerK13,
  author    = {Ilya Dumer and
               Olga Kapralova},
  title     = {Spherically Punctured Biorthogonal Codes},
  journal   = {{IEEE} Trans. Information Theory},
  volume    = {59},
  number    = {9},
  pages     = {6010--6017},
  year      = {2013},
}

@article{DBLP:journals/tit/DumerK17,
  author    = {Ilya Dumer and
               Olga Kapralova},
  title     = {Spherically Punctured Reed-Muller Codes},
  journal   = {{IEEE} Trans. Information Theory},
  volume    = {63},
  number    = {5},
  pages     = {2773--2780},
  year      = {2017},
}
@article{DBLP:journals/ccds/GangopadhyayGPS17,
  author    = {Sugata Gangopadhyay and
               Aditi Kar Gangopadhyay and
               Spyridon Pollatos and
               Pantelimon Stanica},
  title     = {Cryptographic Boolean functions with biased inputs},
  journal   = {Cryptography and Communications},
  volume    = {9},
  number    = {2},
  pages     = {301--314},
  year      = {2017},
}

@Article{Mesnager2018,
author="Sihem Mesnager and Zhengchun Zhou and  Cunsheng Ding",
title="On the nonlinearity of Boolean functions with restricted input",
journal="Cryptography and Communications",
year="2018",
month="Mar",
issn="1936-2455",
}

@Misc{Mesnager17,
  author =       "Sihem Mesnager",
  title =        "On the nonlinearity of Boolean functions with
restricted input",
  year =         2017,
  howpublished = "Talk at The 13th International Conference on Finite Fields and their Applications"
}
@article{DBLP:journals/tit/CarletM07,
  author    = {Claude Carlet and
               Sihem Mesnager},
  title     = {Improving the Upper Bounds on the Covering Radii of Binary Reed-Muller
               Codes},
  journal   = {{IEEE} Trans. Information Theory},
  volume    = {53},
  number    = {1},
  pages     = {162--173},
  year      = {2007},
}

@book{DBLP:books/daglib/0019107,
  author    = {Martin Aigner and
               Gunter M. Ziegler},
  title     = {Proofs from {THE} {BOOK} {(3.} ed.)},
  publisher = {Springer},
  year      = {2004},
  isbn      = {978-3-540-40460-6},
}

@article{DBLP:journals/jce/CarletFGR12,
  author    = {Claude Carlet and
               Jean{-}Charles Faug{\`{e}}re and
               Christopher Goyet and
               Gu{\'{e}}na{\"{e}}l Renault},
  title     = {Analysis of the algebraic side channel attack},
  journal   = {J. Cryptographic Engineering},
  volume    = {2},
  number    = {1},
  pages     = {45--62},
  year      = {2012},
}
@inproceedings{Fau02,
  TITLE = {{A new efficient algorithm for computing Grobner bases without reduction to zero}},
  AUTHOR = {Faug{\`e}re, Jean-Charles},
  URL = {https://hal.inria.fr/inria-00100997},
  BOOKTITLE = {{Workshop on application of Groebner Bases 2002}},
  ADDRESS = {Catania, Spain},
  HAL_LOCAL_REFERENCE = {A02-R-477 || faugere02c},
  YEAR = {2002},
  KEYWORDS = {groebner},
  HAL_ID = {inria-00100997},
  HAL_VERSION = {v1},
}

@article{Geffe73,
author = {R. Geffe, Philip},
year = {1973},
month = {01},
pages = {99-101},
title = {HOW TO PROTECT DATA WITH CIPHERS THAT ARE REALLY HARD TO BREAK.},
journal = {Electronics}
}

@article{DBLP:journals/cjtcs/Filmus16,
  author    = {Yuval Filmus},
  title     = {Friedgut-Kalai-Naor Theorem for Slices of the Boolean Cube},
  journal   = {Chicago J. Theor. Comput. Sci.},
  volume    = {2016},
  year      = {2016},
}

@article{DBLP:journals/combinatorics/Filmus16,
  author    = {Yuval Filmus},
  title     = {An Orthogonal Basis for Functions over a Slice of the Boolean Hypercube},
  journal   = {Electr. J. Comb.},
  pages     = {P1.23},
  year      = {2016},
}
@inproceedings{DBLP:conf/coco/FilmusKMW16,
  author    = {Yuval Filmus and
               Guy Kindler and
               Elchanan Mossel and
               Karl Wimmer},
  title     = {Invariance Principle on the Slice},
  booktitle = {31st Conference on Computational Complexity, {CCC} 2016, May 29 to
               June 1, 2016, Tokyo, Japan},
  pages     = {15:1--15:10},
  year      = {2016},
  crossref  = {DBLP:conf/coco/2016},
}

@inproceedings{DBLP:conf/coco/FilmusM16,
  author    = {Yuval Filmus and
               Elchanan Mossel},
  title     = {Harmonicity and Invariance on Slices of the Boolean Cube},
  booktitle = {31st Conference on Computational Complexity, {CCC} 2016, May 29 to
               June 1, 2016, Tokyo, Japan},
  pages     = {16:1--16:13},
  year      = {2016},
  crossref  = {DBLP:conf/coco/2016},
}

@article{XiaMas88,
  author    = {Guo{-}Zhen Xiao and
               James L. Massey},
  title     = {A spectral characterization of correlation-immune combining functions},
  journal   = {{IEEE} Trans. Information Theory},
  pages     = {569--571},
  year      = {1988},
}


@article{Bryant91,
  author    = {Randal E. Bryant},
  title     = {On the Complexity of {VLSI} Implementations and Graph Representations
               of Boolean Functions with Application to Integer Multiplication},
  journal   = {{IEEE} Trans. Computers},
  pages     = {205--213},
  year      = {1991}
}


@article{AMC:ZhangSu21,
title = {A new construction of weightwise perfectly balanced Boolean functions},
journal = { Advances in Mathematics of Communications},
volume = {0},
number = {},
pages = {-},
year = {2021},
author = {Rui Zhang and Sihong Su},
}


@inproceedings{INDO:GinMea22,
  author    = {Agnese Gini and
               Pierrick M{\'{e}}aux},
  editor    = {Takanori Isobe and
               Santanu Sarkar},
  title     = {Weightwise Almost Perfectly Balanced Functions: Secondary Constructions
               for All n and Better Weightwise Nonlinearities},
  booktitle = {Progress in Cryptology - {INDOCRYPT} 2022 - 23rd International Conference
               on Cryptology in India, Kolkata, India, December 11-14, 2022, Proceedings},
  series    = {Lecture Notes in Computer Science},
  volume    = {13774},
  pages     = {492--514},
  publisher = {Springer},
  year      = {2022},
}




@article{KraLit96,
  author    = {Ilia Krasikov and
               Simon Litsyn},
  title     = {On Integral Zeros of Krawtchouk Polynomials},
  journal   = {J. Comb. Theory, Ser. {A}},
  volume    = {74},
  number    = {1},
  pages     = {71--99},
  year      = {1996}
}

@phdthesis{Alenezi2012,
  title={Integral zeroes of Krawtchouk polynomials},
  author={Alenezi, Ahmad M},
  year={2012},
  school={Brunel University, School of Information Systems, Computing and Mathematics}
}

@inproceedings{StrWeg99,
  title={On integral zeroes of binary Krawtchouk polynomials},
  author={Roel J. Stroeker and De Weger},
  year={1999},
  journal={Nieuw Archief voor Wiskunde}
}


@inbook{Carlet10, 
place={Cambridge}, 
series={Encyclopedia of Mathematics and its Applications}, 
title={Boolean Functions for Cryptography and Error-Correcting Codes}, 
booktitle={Boolean Models and Methods in Mathematics, Computer Science, and Engineering}, 
publisher={Cambridge University Press}, 
author={Carlet, Claude}, 
editor={Crama, Yves and Hammer, Peter L.Editors}, 
year={2010}, 
pages={257–397}, collection={Encyclopedia of Mathematics and its Applications}
}

@article{CCDS:Meaux21,
  author    = {Pierrick M{\'{e}}aux},
  title     = {On the fast algebraic immunity of threshold functions},
  journal   = {Cryptogr. Commun.},
  volume    = {13},
  number    = {5},
  pages     = {741--762},
  year      = {2021},
  doi       = {10.1007/s12095-021-00505-y}
}


@article{Trivium,
author = "Christophe De Canni\`ere and Bart Preneel",
title="Trivium",
journal="LNCS, New Stream Cipher Designs - The eSTREAM Finalists",
pages=" 244–266",
publisher="Springer",
year="2008"
}

@article{Siegenthaler84,
	author = "Siegenthaler, Thomas",
	journal = IEEE,
	number = "5",
	optannote = "",
	optcrossref = "",
	optkey = "",
	optmonth = "september",
	optnote = "",
	pages = "776--780",
	title = "{Correlation-immunity of nonlinear combining functions for cryptographic applications}",
	volume = "IT-30",
	year = "1984"
}


@article{Siegenthaler85,
	author = "Siegenthaler, Thomas",
	journal = "{IEEE} Trans. Computers",
	number = "1",
	pages = "81--85",
	timestamp = "Thu, 27 Oct 2011 17:40:00 +0200",
	title = "{Decrypting a Class of Stream Ciphers Using Ciphertext Only}",
	volume = "34",
	year = "1985"
}

@article{Wiedemann86,
 author = {Wiedemann, D H},
 title = {Solving Sparse Linear Equations over Finite Fields},
 journal = {IEEE Trans. Inf. Theor.},
 issue_date = {Jan. 1986},
 volume = {32},
 number = {1},
 month = jan,
 year = {1986},
 issn = {0018-9448},
 pages = {54--62},
 numpages = {9},
 acmid = {13744},
 publisher = {IEEE Press},
 address = {Piscataway, NJ, USA},
} 



@article{Fau99,
  author =       "Jean-Charles Faug\`ere",
  title =        "A new efficient algorithm for computing Groebner bases",
  journal =      "Journal of Pure and Applied Algebra",
  year =         "1999",
  month =        "june",
  volume =       "139",
  issue =       "1-3",
  Pages = "61-88",
}




@book{KatLin07,
author = "Jonathan Katz and
Yehuda Lindell",
  title ="Introduction to Modern Cryptography ",
  publisher =    "Chapman and Hall/Crc Cryptography and Network Security Series",
  year =         2007,
  ISBN =         "ISBN:1584885513 "
}



@article{TISSEC:BenJoyLib16,
  author =       "Fabrice Benhamouda and
                  Marc Joye and
                  Beno\^it Libert",
  title =        "A New Framework for Privacy-Preserving Aggregation of Time-Series Data",
  journal =      "ACM Trans. Inf. Syst. Secur.",
  year =         2016,
  month =        mar,
  volume =       18,
  number =       3,
  articleno =    10,
  issn =         "1094-9224/2016",
  publisher =    "ACM"
}

@article{LLL,
author = "Arjen Lenstra and
Hendrik Lenstra and L\'aszl\`o Lov\'asz",
title = "Factoring polynomials with rational coefficients",
journal = "Math. Ann.",
year = 
1982,
volume =
261,
pages =
{515
--
534}

}
@article{BKZ,
author = "Claus-Peter Schnorr and M. Euchner",
title = "Lattice basis reduction: improved practical algorithms and solving subset sum problems",
journal = "Math. Programming",
year = 
1994,
volume =
66,
pages =
{181
--
199}
}


@article{Rivest1978,
  added-at = {2011-02-14T16:52:54.000+0100},
  author = {Rivest, Ron and Adleman, Len and Dertouzos, Michael},
  date-modified = {2006-08-22 11:34:23 +0200},
  interhash = {c880dde05ce4210752a154a7c0b6fd31},
  intrahash = {df214f59ac3cc15fbfaf6d0606eb340c},
  journal = {Foundations of Secure Computation, Academia Press},
  keywords = {imported},
  pages = {169-179},
  timestamp = {2011-02-14T16:53:02.000+0100},
  title = {On Data Banks and Privacy Homomorphisms},
  year = 1978
}


@article{Mic10,
author = {Micciancio, Daniele},
title = {A first glimpse of cryptography’s Holy Grail},
journal ={Communications of the ACM},
volume={53 Issue 3},
pages={96-96},
publisher={ACM New York, NY, USA},
year={2010}
}



@article{JC:BHJL,
  author =     "Fabrice Benhamouda and
                Javier Herranz and
                Marc Joye and
                Beno\^it Libert",
  title =      "Efficient Cryptosystems From $2^k$-th Power Residue Symbols",
  journal =    jcrypto,
  publisher =  springer,
  year =       2016,
  issn="1432-1378",
}

@article{IETITS:AbdBenPoi,
  author =       "Michel Abdalla and
                  Fabrice Benhamouda and
                  David Pointcheval",
  title =        "Public-Key Encryption Indistinguishable Under Plaintext-Checkable Attacks",
  journal =      "{IET} Information Security",
  year =         2016,
  note =         "To appear. Full version of~\cite{PKC:AbdBenPoi15}"
}

@patent{PAT:BenJoyLib14,
  author =     "Marc Joye and
                Fabrice Benhamouda and
                Beno\^it Libert",
  title =      "Method and device for cryptographic key generation",
  howpublished = "European patent application WO2015EP65807 20150710",
  year = 2014,
  note =       "Corresponds to~\cite{JC:BHJL}"
}

@patent{PAT:BenJoyLib13,
  author =     "Fabrice Benhamouda and
                Marc Joye and
                Benoît Libert",
  title =      "Method for determining a statistic value on data based on encrypted data",
  howpublished = "European patent application EP20130306642 20131129",
  year = 2013,
  note =       "Corresponds to~\cite{TISSEC:BenJoyLib16}"
}
    
@inproceedings{Shanks71,
  title={Class number, a theory of factorization, and genera},
  author={Shanks, Daniel},
  booktitle={Proc. Symp. Pure Math},
  volume={20},
  pages={415--440},
  year={1971}
}

@misc{NISTSHA,
  title={{FIPS} {PUB} 180-4, Secure Hash Standard ({SHS})},
  author={{NIST}},
  journal={Federal Information Processing Standards Publication},
  year={2012}
}

@book{Joux09,
  title={Algorithmic cryptanalysis},
  author={Joux, Antoine},
  year={2009},
  publisher={CRC Press}
}

@article{Koblitz87,
  title={Elliptic curve cryptosystems},
  author={Koblitz, Neal},
  journal={Mathematics of computation},
  volume={48},
  number={177},
  pages={203--209},
  year={1987}
}

@article{SIAM:HILL99,
  title={A pseudorandom generator from any one-way function},
  author={H{\aa}stad, Johan and Impagliazzo, Russell and Levin, Leonid A and Luby, Michael},
  journal={SIAM Journal on Computing},
  volume={28},
  number={4},
  pages={1364--1396},
  year={1999},
  publisher={SIAM}
}

@phdthesis{PhD:Har11,
  title =        "Efficient Cryptographic Primitives for Non-Interactive Zero-Knowledge Proofs and Applications",
  author =       "Kristiyan Haralambiev",
  year =         2011,
  school =       "New York University"
}

@phdthesis{PhD:Guillevic13,
  TITLE = {{Arithmetic of pairings on algebraic curves for cryptography}},
  AUTHOR = {Guillevic, Aurore},
  SCHOOL = {{\'Ecole normale sup{\'e}rieure, Paris}},
  YEAR = {2013},
  MONTH = Dec,
  KEYWORDS = {elliptic curves ; genus 2 curves ; endomorphisms ; pairings ; composite-order groups ; courbes elliptiques ; courbes de genre 2 ; endomorphismes ; couplages ; impl{\'e}mentation ; groupes d'ordre compos{\'e}},
  HAL_ID = {tel-00921940},
  HAL_VERSION = {v1},
}

@article{InfCom:AieHas91,
  title={Relativized perfect zero knowledge is not BPP},
  author={Aiello, William and Hastad, Johan},
  journal={Information and Computation},
  volume={93},
  number={2},
  pages={223--240},
  year={1991},
  publisher={Elsevier}
}

@article{BopHasZac87,
  title={Does co-NP have short interactive proofs?},
  author={Boppana, Ravi B and Hastad, Johan and Zachos, Stathis},
  journal={Information Processing Letters},
  volume={25},
  number={2},
  pages={127--132},
  year={1987},
  publisher={Elsevier}
}

@misc{EPRINT:AlbBaiDuc16,
    author = {Martin Albrecht, Shi Bai, L{\'{e}}o Ducas},
    title = {A subfield lattice attack on overstretched NTRU assumptions: Cryptanalysis of some FHE and Graded Encoding Schemes},
    howpublished = {Cryptology ePrint Archive, Report 2016/127},
    year = {2016},
}

@inproceedings{STOC:GolMicRac85,
  author    = {Shafi Goldwasser and
               Silvio Micali and
               Charles Rackoff},
  title     = {The Knowledge Complexity of Interactive Proof-Systems (Extended Abstract)},
  booktitle = {Proceedings of the 17th Annual {ACM} Symposium on Theory of Computing,
               May 6-8, 1985, Providence, Rhode Island, {USA}},
  pages     = {291--304},
  year      = {1985},
  crossref  = {DBLP:conf/stoc/STOC17},
}
@proceedings{DBLP:conf/stoc/STOC17,
  editor    = {Robert Sedgewick},
  title     = {Proceedings of the 17th Annual {ACM} Symposium on Theory of Computing,
               May 6-8, 1985, Providence, Rhode Island, {USA}},
  publisher = {{ACM}},
  year      = {1985},
}

@inproceedings{STOC:Babai85,
  author    = {L{\'{a}}szl{\'{o}} Babai},
  title     = {Trading Group Theory for Randomness},
  booktitle = {Proceedings of the 17th Annual {ACM} Symposium on Theory of Computing,
               May 6-8, 1985, Providence, Rhode Island, {USA}},
  pages     = {421--429},
  year      = {1985},
  crossref  = {DBLP:conf/stoc/STOC17},
}

@inproceedings{STOC:GolMic82,
  author    = {Shafi Goldwasser and
               Silvio Micali},
  title     = {Probabilistic Encryption and How to Play Mental Poker Keeping Secret
               All Partial Information},
  booktitle = {Proceedings of the 14th Annual {ACM} Symposium on Theory of Computing,
               May 5-7, 1982, San Francisco, California, {USA}},
  pages     = {365--377},
  year      = {1982},
  crossref  = {DBLP:conf/stoc/STOC14},
}
@proceedings{DBLP:conf/stoc/STOC14,
  editor    = {Harry R. Lewis and
               Barbara B. Simons and
               Walter A. Burkhard and
               Lawrence H. Landweber},
  title     = {Proceedings of the 14th Annual {ACM} Symposium on Theory of Computing,
               May 5-7, 1982, San Francisco, California, {USA}},
  publisher = {{ACM}},
  year      = {1982},
}

@inproceedings{STOC:GolSip86,
  author    = {Shafi Goldwasser and
               Michael Sipser},
  title     = {Private Coins versus Public Coins in Interactive Proof Systems},
  booktitle = {Proceedings of the 18th Annual {ACM} Symposium on Theory of Computing,
               May 28-30, 1986, Berkeley, California, {USA}},
  pages     = {59--68},
  year      = {1986},
  crossref  = {DBLP:conf/stoc/STOC18},
}
@proceedings{DBLP:conf/stoc/STOC18,
  editor    = {Juris Hartmanis},
  title     = {Proceedings of the 18th Annual {ACM} Symposium on Theory of Computing,
               May 28-30, 1986, Berkeley, California, {USA}},
  publisher = {{ACM}},
  year      = {1986},
  isbn      = {0-89791-193-8},
  timestamp = {Mon, 17 Oct 2011 15:55:10 +0200},
}

@article{JACM:Shamir92,
  author    = {Adi Shamir},
  title     = {{IP} = {PSPACE}},
  journal   = {J. {ACM}},
  volume    = {39},
  number    = {4},
  pages     = {869--877},
  year      = {1992},
}

@misc{Helios,
  title = {Helios},
  note = {\url{https://vote.heliosvoting.org}},
  shorthand = {Helios}
}

    @incollection{HaoRyan2010,
year={2010},
isbn={978-3-642-17696-8},
booktitle={Transactions on Computational Science XI},
volume={6480},
series={Lecture Notes in Computer Science},
editor={Gavrilova, MarinaL. and Tan, C.J.Kenneth and Moreno, EdwardDavid},
title={J-PAKE: Authenticated Key Exchange without PKI},
publisher=mylncs,
keywords={Password-Authenticated Key Exchange; EKE; SPEKE; key agreement},
author={Hao, Feng and Ryan, Peter},
pages={192-206},
language={English}
}

@misc{openssl,
    key = {OpenSSL Project},
    title = {{OpenSSL} Project},
    shorthand = {OpenSSL},
    url = {http://www.openssl.org}
}

@misc{firefoxsync,
    key = {FSync},
    title = {Firefox {Sync}},
    shorthand = {Firefox Sync},
    url = {https://www.mozilla.org/en-US/firefox/sync/}
}

@misc{thread,
    key = {Thread},
    title = {Thread Protocol},
    shorthand = {Thread},
    url = {http://www.threadgroup.org}
}

@misc{nest,
    key = {Nest},
    title = {Nest},
    shorthand = {Nest},
    url = {http://nest.com}
}

@article{JACM:KatOstYun09,
  author    = {Jonathan Katz and
               Rafail Ostrovsky and
               Moti Yung},
  title     = {Efficient and secure authenticated key exchange using weak passwords},
  journal   = jacm,
  volume    = {57},
  number    = {1},
  year      = {2009},
  timestamp = {Thu, 25 May 4429054 02:08:32 +},
}

@techreport{ISO:18033-2,
type = {Standard},
key = {ISO 13586:2000(E)},
editor = {Victor Shoup},
year = {2006},
title = {{Information technology -- Security techniques -- Encryption algorithms -- Part 2: Asymmetric ciphers}},
address = {Geneva, CH},
volume = {2006},
institution = {International Organization for Standardization}
}

@techreport{Rabin81,
    author = {Rabin, Michael},
    title = {How to exchange secrets with oblivious transfer},
    institution = {Aiken Computation Lab, Harvard University},
    year = 1981,
    note = {Technical Report TR-81}
    }

@thesis{Cramer97,
    title = {Modular design of secure yet practical cryptographic protocols},
    author = {Ronald Cramer},
    year = 1997
}

BibTex

@manual{sagemath,
  Key          = {SageMath},
  Author       = {{The Sage Developers}},
  Title        = {{S}ageMath, the {S}age {M}athematics {S}oftware {S}ystem ({V}ersion 8.1)},
  note         = {{\tt https://www.sagemath.org}},
  Year         = {2017},
}

@INPROCEEDINGS{HPC,
  author={Varrette, Sébastien and Bouvry, Pascal and Cartiaux, Hyacinthe and Georgatos, Fotis},
  booktitle={2014 International Conference on High Performance Computing \& Simulation ({HPCS})}, 
  title={Management of an academic {HPC cluster}: The {UL} experience}, 
  year={2014},
  number={},
  pages={959-967},
 }


@article{PCGMJ16,
author = {Picek, Stjepan and Carlet, Claude and Guilley, Sylvain and Miller, Julian F. and Jakobovic, Domagoj},
title = {Evolutionary Algorithms for Boolean Functions in Diverse Domains of Cryptography},
year = {2016},
issue_date = {Winter 2016},
publisher = {MIT Press},
address = {Cambridge, MA, USA},
volume = {24},
number = {4},
issn = {1063-6560},
url = {https://doi.org/10.1162/EVCO_a_00190},
doi = {10.1162/EVCO_a_00190},
journal = {Evol. Comput.},
month = {dec},
pages = {667–694},
numpages = {28},
keywords = {Evolutionary algorithms, comparison., cryptography, Boolean functions}
}
 
 @InProceedings{ICICS97:MCD,
author="Millan, William
and Clark, Andrew
and Dawson, Ed",
editor="Han, Yongfei
and Okamoto, Tatsuaki
and Qing, Sihan",
title="An effective genetic algorithm for finding highly nonlinear boolean functions",
booktitle="Information and Communications Security",
year="1997",
publisher="Springer Berlin Heidelberg",
address="Berlin, Heidelberg",
pages="149--158",
isbn="978-3-540-69628-5"
}

