@article{Rothaus76,
  author={Rothaus, Oscar S.},
  title={{On “Bent” Functions}},
  year={1976},
  journal={{Journal of Combinatorial Theory, Series A}},
  volume={20}
}

@book{book:MacSlo78,
  author={MacWilliams, F. J. and Sloane, N. J. A.},
  title={{The Theory of Error-Correcting Codes}},
  year={1978},
  publisher={{North-Holland Publishing Company}}
}

@book{rudin1987,
  author={Rudin, Walter},
  title={{Real and Complex Analysis}},
  year={1987},
  publisher={{McGraw-Hill Book Company}}
}

@article{IEEE:Bryant91,
  author={Bryant, Randal E.},
  title={{On the Complexity of VLSI Implementations and Graph Representations of Boolean Functions with Application to Integer Multiplication}},
  year={1991},
  journal={{IEEE Transactions on Computers}},
  volume={40},
  number={2}
}

@inproceedings{FSE:Dobbertin95,
  author={Dobbertin, Hans},
  title={{Construction of Bent Functions and Balanced Boolean Functions with High Nonlinearity}},
  year={1995},
  booktitle={{Fast Software Encryption}},
  publisher={{Springer}}
}

@article{TIA:BoLSW99,
  author={Bollig, Beate and Löbbing, Martin and Sauerhoff, Martin and Wegener, Ingo},
  title={{On the Complexity of the Hidden Weighted Bit Function for Various BDD Models}},
  year={1999},
  journal={{RAIRO Theoretical Informatics and Applications}},
  volume={33},
  number={2}
}

@article{IEEE:Carlet04,
  author={Carlet, Claude},
  title={{On the Degree, Nonlinearity, Algebraic Thickness, and Nonnormality of Boolean Functions, with Developments on Symmetric Functions}},
  year={2004},
  journal={{IEEE Transactions on Information Theory}}
}

@inproceedings{C:HawRos04,
  author={Hawkes, Philip and Rose, Gregory G.},
  title={{Rewriting Variables: The Complexity of Fast Algebraic Attacks on Stream Ciphers}},
  year={2004},
  booktitle={{Advances in Cryptology -- CRYPTO 2004}},
  publisher={{Springer}}
}

@inproceedings{FSE:Armknecht04,
  author={Armknecht, Frederik},
  title={{Improving Fast Algebraic Attacks}},
  year={2004},
  booktitle={{Fast Software Encryption}},
  publisher={{Springer}}
}

@inproceedings{EC:MeiPasCar04,
  author={Meier, Willi and Pasalic, Enes and Carlet, Claude},
  title={{Algebraic Attacks and Decomposition of Boolean Functions}},
  year={2004},
  booktitle={{Advances in Cryptology -- EUROCRYPT 2004}},
  publisher={{Springer}}
}

@inproceedings{C:Courtois03,
  author={Courtois, Nicolas T.},
  title={{Fast Algebraic Attacks on Stream Ciphers with Linear Feedback}},
  year={2003},
  booktitle={{Advances in Cryptology -- CRYPTO 2003}},
  publisher={{Springer}}
}

@inproceedings{EC:CouMei03,
  author={Courtois, Nicolas T. and Meier, Willi},
  title={{Algebraic Attacks on Stream Ciphers with Linear Feedback}},
  year={2003},
  booktitle={{Advances in Cryptology -- EUROCRYPT 2003}},
  publisher={{Springer}}
}

@article{IEEE:CanVid05,
  author={Canteaut, Anne and Videau, Marion},
  title={{Symmetric Boolean Functions}},
  year={2005},
  journal={{IEEE Transactions on Information Theory}}
}

@inproceedings{INDO:BraPre05,
  author={Braeken, An and Preneel, Bart},
  title={{On the Algebraic Immunity of Symmetric Boolean Functions}},
  year={2005},
  booktitle={{Progress in Cryptology -- INDOCRYPT 2005}},
  publisher={{Springer}}
}

@article{DM:SarMai07,
  author={Sarkar, Palash and Maitra, Subhamoy},
  title={{Balancedness and Correlation Immunity of Symmetric Boolean Functions}},
  year={2007},
  journal={{Discrete Mathematics}}
}

@article{IEEE:QFLW09,
  author={Qu, Longjiang and Feng, Keqin and Liu, Feng and Wang, Lei},
  title={{Constructing Symmetric Boolean Functions with Maximum Algebraic Immunity}},
  year={2009},
  journal={{IEEE Transactions on Information Theory}}
}

@inproceedings{CCS:NaeLauVai11,
  author={Naehrig, Michael and Lauter, Kristin E. and Vaikuntanathan, Vinod},
  title={{Can Homomorphic Encryption Be Practical?}},
  year={2011},
  booktitle={{Proceedings of the 3rd ACM Cloud Computing Security Workshop (CCSW 2011)}},
  publisher={{ACM}}
}

@inproceedings{DBLP:conf/itw/BudaghyanCH11,
  author={Budaghyan, Lilya and Carlet, Claude and Helleseth, Tor},
  title={{On Bent Functions Associated to AB Functions}},
  year={2011},
  booktitle={{IEEE Information Theory Workshop 2011}},
  publisher={{IEEE}}
}

@article{IEEE:CheLu11,
  author={Chen, Yindong and Lu, Peizhong},
  title={{Two Classes of Symmetric Boolean Functions with Optimum Algebraic Immunity: Construction and Analysis}},
  year={2011},
  journal={{IEEE Transactions on Information Theory}},
  volume={57}
}

@article{IEEE:LiuLinPei11,
  author={Liu, Meicheng and Lin, Dongdai and Pei, Dingyi},
  title={{Fast Algebraic Attacks and Decomposition of Symmetric Boolean Functions}},
  year={2011},
  journal={{IEEE Transactions on Information Theory}},
  volume={57},
  number={7}
}

@inproceedings{ISC:JiaZhaWan13,
  author={Jiao, Lin and Zhang, Bin and Wang, Mingsheng},
  title={{Establishing Equations: The Complexity of Algebraic and Fast Algebraic Attacks Revisited}},
  year={2013},
  booktitle={{Information Security}},
  publisher={{Springer}}
}

@article{DAM:WCST14,
  author={Wang, Qichun and Carlet, Claude and Stanica, Pantelimon and Tan, Chik How},
  title={{Cryptographic Properties of the Hidden Weighted Bit Function}},
  year={2014},
  journal={{Discrete Applied Mathematics}},
  volume={174}
}

@book{Tokareva15,
  author={Tokareva, Natalia},
  title={{Bent Functions: Results and Applications to Cryptography}},
  year={2015},
  publisher={{Academic Press}}
}

@book{Mesnager16,
  author={Mesnager, Sihem},
  title={{Bent Functions}},
  year={2016},
  publisher={{Springer}}
}

@inproceedings{EC:MJSC16,
  author={Méaux, Pierrick and Journault, Anthony and Standaert, François-Xavier and Carlet, Claude},
  title={{Towards Stream Ciphers for Efficient FHE with Low-Noise Ciphertexts}},
  year={2016},
  booktitle={{Advances in Cryptology -- EUROCRYPT 2016}},
  publisher={{Springer}}
}

@article{TOSC:CarMeaRot17,
  author={Carlet, Claude and Méaux, Pierrick and Rotella, Yann},
  title={{Boolean Functions with Restricted Input and Their Robustness; Application to the FLIP Cipher}},
  year={2017},
  journal={{IACR Transactions on Symmetric Cryptology}},
  volume={2017}
}

@inproceedings{C:Rasta,
  author={Dobraunig, Christoph and Eichlseder, Maria and Grassi, Lorenzo and Lallemand, Virginie and Leander, Gregor and List, Eik and Mendel, Florian and Rechberger, Christian},
  title={{Rasta: A Cipher with Low ANDdepth and Few ANDs per Bit}},
  year={2018},
  booktitle={{Advances in Cryptology -- CRYPTO 2018}},
  publisher={{Springer}}
}

@article{JOC:CCFLNP18,
  author={Canteaut, Anne and Carpov, Sergiu and Fontaine, Caroline and Lepoint, Tancrède and Naya-Plasencia, María and Paillier, Pascal and Sirdey, Renaud},
  title={{Stream Ciphers: A Practical Solution for Efficient Homomorphic-Ciphertext Compression}},
  year={2018},
  journal={{Journal of Cryptology}},
  volume={31},
  number={3}
}

@inproceedings{Latin:Meaux19,
  author={Méaux, Pierrick},
  title={{On the Fast Algebraic Immunity of Majority Functions}},
  year={2019},
  booktitle={{Progress in Cryptology -- LATINCRYPT 2019}},
  publisher={{Springer}}
}

@inproceedings{INDO:MCJS19,
  author={Méaux, Pierrick and Carlet, Claude and Journault, Anthony and Standaert, François-Xavier},
  title={{Improved Filter Permutators for Efficient FHE: Better Instances and Implementations}},
  year={2019},
  booktitle={{Progress in Cryptology -- INDOCRYPT 2019}},
  publisher={{Springer}}
}

@misc{EPRINT:CGZ19,
  author={Chen, Yindong and Guo, Fei and Zhang, Liu},
  title={{Fast Algebraic Immunity of $2^m{+}2$ and $2^m{+}3$ Variables Majority Function}},
  year={2019},
  note={{Cryptology ePrint Archive, Report 2019/286}}
}

@inproceedings{INDO:HofMeaRic20,
  author={Hoffmann, Clément and Méaux, Pierrick and Ricosset, Thomas},
  title={{Transciphering, Using FiLIP and TFHE for an Efficient Delegation of Computation}},
  year={2020},
  booktitle={{Progress in Cryptology -- INDOCRYPT 2020}},
  publisher={{Springer}}
}

@article{TOSC:BeiLea20,
  author={Beierle, Christof and Leander, Gregor},
  title={{4-Uniform Permutations with Null Nonlinearity}},
  year={2020},
  journal={{Cryptography and Communications}},
  volume={12}
}

@book{Carlet20,
  author={Carlet, Claude},
  title={{Boolean Functions for Cryptography and Coding Theory}},
  year={2021},
  publisher={{Cambridge University Press}}
}

@article{CCDS:Meaux21,
  author={Méaux, Pierrick},
  title={{On the Fast Algebraic Immunity of Threshold Functions}},
  year={2021},
  journal={{Cryptography and Communications}},
  volume={13}
}

@article{IEEE:CarMea21,
  author={Carlet, Claude and Méaux, Pierrick},
  title={{A Complete Study of Two Classes of Boolean Functions: Direct Sums of Monomials and Threshold Functions}},
  year={2021},
  journal={{IEEE Transactions on Information Theory}}
}

@inproceedings{CTRSA:CidIndRad22,
  author={Cid, Carlos and Indrøy, John Petter and Raddum, Håvard},
  title={{FASTA -- A Stream Cipher for Fast FHE Evaluation}},
  year={2022},
  booktitle={{Topics in Cryptology -- CT-RSA 2022}},
  publisher={{Springer}}
}

@article{DAM:GinMea22,
  author={Gini, Agnese and Méaux, Pierrick},
  title={{On the Weightwise Nonlinearity of Weightwise Perfectly Balanced Functions}},
  year={2022},
  journal={{Discrete Applied Mathematics}},
  volume={322}
}

@article{IEEE:Carlet22,
  author={Carlet, Claude},
  title={{A Wide Class of Boolean Functions Generalizing the Hidden Weight Bit Function}},
  year={2022},
  journal={{IEEE Transactions on Information Theory}},
  volume={68},
  number={2}
}

@inproceedings{CCS:CDPP22,
  author={Cong, Kelong and Das, Debajyoti and Park, Jeongeun and Pereira, Hilder V. L.},
  title={{SortingHat: Efficient Private Decision Tree Evaluation via Homomorphic Encryption and Transciphering}},
  year={2022},
  booktitle={{Proceedings of the 2022 ACM SIGSAC Conference on Computer and Communications Security}},
  publisher={{ACM}}
}

@article{eprint:CarPar23,
  author={Carlet, Claude and Sarkar, Palash},
  title={{Constructions of Efficiently Implementable Boolean Functions Possessing High Nonlinearity and Good Resistance to Algebraic Attacks}},
  year={2024},
  journal={{IACR Cryptology ePrint Archive}}
}

@article{eprint:AGHM24,
  author={Aranha, Diego F. and Guimarães, Antonio and Hoffmann, Clément and Méaux, Pierrick},
  title={{Secure and Efficient Transciphering for FHE-Based MPC}},
  year={2024},
  journal={{IACR Cryptology ePrint Archive}}
}

@article{DAM:MeaOza24,
  author={Méaux, Pierrick and Ozaim, Yassine},
  title={{On the Cryptographic Properties of Weightwise Affine and Weightwise Quadratic Functions}},
  year={2024},
  journal={{Discrete Applied Mathematics}},
  volume={355}
}

@article{CIC:MeaParPei24,
  author={Méaux, Pierrick and Park, Jeongeun and Pereira, Hilder V. L.},
  title={{Towards Practical Transciphering for FHE with Setup Independent of the Plaintext Space}},
  year={2024},
  journal={{IACR Communications in Cryptology}},
  volume={1},
  number={1}
}

@article{DCC:DalMaiSar06,
  author={Dalai, Deepak Kumar and Maitra, Subhamoy and Sarkar, Sumanta},
  title={{Basic Theory in Construction of Boolean Functions with Maximum Possible Annihilator Immunity}},
  year={2006},
  journal={{Designs, Codes and Cryptography}}
}

@article{DCC:CarTan15,
  author={Carlet, Claude and Tang, Deng},
  title={{Enhanced Boolean Functions Suitable for the Filter Model of Pseudo-Random Generator}},
  year={2015},
  journal={{Designs, Codes and Cryptography}},
  volume={76},
  number={3}
}

@inproceedings{EC:ACGKMR06,
  author={Armknecht, Frederik and Carlet, Claude and Gaborit, Philippe and Künzli, Simon and Meier, Willi and Ruatta, Olivier},
  title={{Efficient Computation of Algebraic Immunity for Algebraic and Fast Algebraic Attacks}},
  year={2006},
  booktitle={{Advances in Cryptology -- EUROCRYPT 2006}},
  publisher={{Springer}}
}